2634 4392
143 287 183 349 36
568 281 606 342 T.
619 281 728 342 mvn

143 462 203 536 que
216 439 382 516 incedebat,
394 411 661 520 invocantibusque
675 421 833 522 parentum
846 438 940 502 furius
952 441 1025 502 viris
1038 441 1144 530 rnuiie·

143 525 386 665 nbffiuiiumm
399 619 499 662 rerum
513 599 631 677 nunciis
644 601 677 660 in
691 563 932 682 castra‘perlatis',
943 621 1035 681 quum
1046 591 1078 660 re
1089 621 1143 662 no·
1220 605 1221 620 ¹

142 687 181 742 vi
201 679 336 762 trepidus
362 699 414 741 rex
427 685 565 760 pergeret
583 680 710 742 Rumam
723 680 761 741 ad
782 681 1019 762 comprimendos
1033 687 1145 751 motus,

142 760 227 822 flexit
238 760 317 821 vium
331 761 454 828 Brutus,
469 760 617 839 (senserat
630 759 709 820 eninr
723 757 896 842 adventum)
917 757 957 820 ue
971 759 1075 820 obvius
1088 761 1143 821 fie-

140 848 189 902 ret
200 862 209 912 ;
229 841 393 920 eodemque
405 837 469 899 fere
481 845 625 919 tempure,
639 839 766 902 diversis
779 839 944 908 itineribus,
956 841 1067 899 Brutus
1082 842 1143 918 Ar-

140 909 241 990 denir,
261 918 444 1012 Tarquinius
464 919 606 989 Rumam,
626 925 782 980 venerunt.
837 919 1001 999 Tarquinio
1029 919 1143 981 clausae

140 1007 247 1082 portae,
260 997 461 1078 exsibumque
473 997 622 1060 indictum
633 1019 642 1068 ς
663 999 850 1060 liberatorem
865 999 947 1062 urbis
959 1000 1031 1059 laetu
1042 1006 1144 1060 eastra

142 1099 305 1160 accepere3
339 1078 497 1159 exactique
510 1077 582 1139 inde
594 1077 682 1138 liberi
696 1078 783 1160 regis.
832 1079 899 1139 Duo
912 1085 1028 1160 putrem
1044 1079 1144 1138 secuti

141 1165 222 1228 sunt,
235 1157 288 1239 qui
301 1158 474 1221 exsulatum
487 1157 576 1219 Caere
596 1157 628 1218 in
652 1157 794 1218 Etruscos
820 1157 928 1218 ierunt.
970 1158 1038 1218 Sex.
1062 1157 1142 1218 Tar-

142 1237 272 1321 quinius,
285 1238 405 1308 Gabios,
418 1244 564 1316 tunquam
576 1237 607 1297 in
619 1257 707 1298 suum
722 1257 859 1330 regnum,
872 1237 1034 1318 profectus,
1048 1239 1084 1298 ab
1092 1237 1143 1296 ul-

141 1318 254 1383 toribus
269 1323 405 1378 veterum
418 1315 619 1384 simultatum,
630 1336 705 1396 quas
719 1317 775 1377 sibr
788 1316 797 1376 i
819 1336 851 1378 se
866 1317 999 1378 caedibus
1014 1316 1141 1397 rapinis-

142 1419 202 1482 que
228 1397 407 1466 eunciverut.
420 1401 468 1487 est
493 1395 679 1488 interfectus.
713 1396 759 1490 ‚1¹⁸
814 1396 967 1477 arquinius
989 1397 1143 1476 Superbus

140 1483 398 1620 tibitibi}
411 1477 1144 1650 fiii-‘titini”initiiibtgiffl
1224 1601 1225 1614 ,

141 1645 218 1700 tuor.
258 1637 326 1697 Duo
340 1636 478 1696 eonsules
502 1633 575 1700 inde
602 1634 733 1695 comitiis
757 1633 938 1697 centuriatis
955 1635 972 1694 zi
992 1634 1143 1714 praefecto

142 1717 223 1778 urbis
243 1737 281 1776 ex
304 1712 523 1777 commentariis
540 1714 608 1774 Ser.
632 1713 729 1775 Tullii
749 1717 843 1779 creati
867 1722 946 1787 sunt,
972 1715 1009 1776 L.
1030 1713 1143 1776 iunius
1224 1717 1225 1782 j

143 1799 267 1870 brutus,
280 1802 311 1860 et
321 1795 359 1858 L.
371 1793 556 1875 Tarquinius
570 1792 747 1862 Collatinus.
