2634 4392
91 273 93 288 ’
172 311 220 369 eo
418 308 421 319 ‘
588 308 755 401 ¹nauus

91 479 92 548 3
169 467 296 528 vertisse
310 463 497 547 snperbiam
532 471 562 526 et
581 467 742 547 liberorum
756 485 876 548 quoque
901 486 969 528 eum
993 467 1174 549 frequentia
1198 450 1227 527 -l

91 593 92 608 r
162 547 305 618 taedere3
326 553 369 615 ut,
388 565 479 624 quam
495 546 527 605 in
554 548 637 608 curia
650 548 845 608 solitudinem
865 547 979 618 fecerit,
1007 549 1090 610 domi
1103 571 1176 630 qno·
1225 560 1227 563 '

91 623 93 676 ?
171 646 230 720 qne
244 626 353 696 faciat3
381 642 420 684 ne
435 647 524 706 quam
539 627 673 708 stirpem,
693 647 733 687 ne
745 644 836 706 quem
854 627 1005 688 haeredem
1018 631 1107 710 regni
1131 651 1176 690 re·
1225 678 1227 707 ;

171 709 297 800 lmquat.
338 707 378 770 Se
392 707 523 784 quidem,
542 706 630 790 inter*
642 708 705 768 tela
731 714 763 766 et
774 707 891 787 gladios
912 708 1006 788 patris
1028 710 1175 802 elapsum,
1225 714 1227 812 l

169 786 244 846 nihil
254 805 381 866 usquam
395 786 450 846 sibi
463 792 572 856 tutum,
586 787 643 848 nisi
666 787 745 868 apud
761 787 862 848 hostes
876 788 914 846 L.
927 788 1099 867 Tarquinii,
1113 811 1177 850 cre·
1225 818 1227 847 ι

171 865 294 926 didisse.
335 867 425 939 Nam,
439 885 478 926 ne
501 873 644 936 errarent,
659 887 779 927 manere
801 866 849 926 his
862 867 983 936 bellum,
1000 870 1082 947 quod
1097 870 1175 949 posi·
1225 870 1227 877 '

170 951 235 1006 tum
250 947 408 1024 simuletur
419 968 437 1016 3·
449 953 481 1006 et
494 966 547 1028 per
561 947 748 1008 occasionem
762 967 831 1006 enm
841 945 978 1007 incautos
991 945 1176 1008 invasurum.
1225 912 1227 985 l

172 1025 260 1100 Qubd
272 1027 297 1086 si
312 1027 392 1120 apud
406 1047 457 1086 eos
471 1026 656 1108 supplicibus
670 1028 755 1087 locus
768 1032 828 1086 non
843 1027 892 1096 sit,
905 1035 1131 1109 pererraturum
1144 1049 1176 1089 se

171 1107 413 1177 omueLatmm3
434 1107 620 1188 Volscosque
638 1111 675 1167 'se
688 1107 816 1177 inde,'et
828 1107 957 1186 AEquos,
981 1114 1012 1166 et
1027 1109 1176 1169 Hernicos

171 1186 334 1268 petiturum
347 1207 355 1258 3
376 1187 472 1247 donec
486 1189 525 1248 ad
539 1208 590 1248 eos
601 1187 767 1269 perveniat,
776 1187 828 1266 qui
843 1188 990 1266 dpatmm
1002 1189 1175 1248 crudelibus

170 1274 262 1346 aulus
295 1266 393 1346 impiis
424 1267 579 1347 suppliciis
600 1278 709 1347 tegere
730 1266 840 1326 liberos
867 1267 975 1327 sciant.
1036 1268 1175 1328 Forsitan

124 1411 125 1418 ,
172 1346 262 1406 etiam
276 1346 390 1406 ardoris
410 1347 526 1426 aliquid
539 1347 578 1407 ad
587 1347 701 1407 bellum
711 1359 853 1425 armaque
864 1366 897 1406 se
911 1347 1058 1409 adversus
1072 1369 1174 1430 super·

170 1425 325 1486 bissimum
345 1447 446 1518 regem
474 1448 516 1487 ac·
537 1427 755 1486 ferocissimum
780 1427 924 1508 populum
950 1426 1175 1488 inventurum-'’

171 1507 280 1580 Quum,
291 1506 316 1565 si
330 1507 404 1566 nihil
426 1513 623 1576 morarentur,
641 1507 777 1566 infensus
793 1507 840 1566 ira
853 1507 943 1588 porrd
955 1507 1028 1573 inde
1042 1509 1174 1568 abiturus

169 1586 331 1656 videretur,
344 1585 471 1668 benigne
496 1589 537 1648 ab
546 1586 671 1648 Gabinis
685 1587 751 1646 exci
772 1587 833 1646 itur
844 1607 867 1658 3v
882 1592 988 1646 vetant
1014 1588 1129 1657 mirari,
1143 1588 1174 1657 si,

170 1666 269 1746 qualis
283 1665 315 1725 iu
337 1665 428 1735 cives,
442 1667 540 1746 qualis
553 1667 585 1726 in
600 1666 705 1736 socios,
762 1667 789 1726 is
809 1667 849 1726 ad
860 1666 1001 1725 ultimum
1020 1665 1053 1726 in
1066 1667 1175 1727 liberos

171 1747 260 1806 esset.
292 1747 328 1804 In
347 1765 380 1805 se
390 1742 492 1827 ipsum
503 1748 653 1829 postremo
665 1747 848 1815 saeviturum,
856 1746 962 1807 sialia
975 1746 1086 1806 desint.
1116 1745 1175 1807 Sibi

171 1826 242 1886 verd
256 1832 373 1907 gratum
392 1828 554 1888 adventum
568 1829 633 1906 ejus
647 1843 713 1886 esse
727 1847 735 1882 ε
756 1826 950 1904 futurumque
964 1827 1089 1886 credere
1111 1829 1174 1887 bre·

134 1905 139 1912 '
170 1905 210 1975 vi,
224 1913 268 1974 ut,
281 1906 334 1964 illo
356 1907 527 1977 ad‘uvaute,
546 1908 582 1966 ab
596 1906 689 1985 portis
703 1904 828 1965 Gabinis
842 1907 897 1964 sub
911 1905 1047 1975 Romana
1064 1906 1175 1965 moenia

169 1986 282 2046 bellum
296 1929 502 2046 tmnsliramr.
571 1989 574 1998 '
800 2002 803 2006 ’

211 2066 296 2126 LIV.
329 2065 412 2126 lude
433 2065 464 2125 in
486 2067 613 2126 concilia
632 2065 753 2147 publica
773 2064 926 2136 adhiberi3
948 2065 1007 2133 ubi,
1028 2084 1124 2143 quum
1139 2065 1174 2124 de

171 2145 239 2206 aliis
253 2149 340 2206 rebus
354 2146 498 2212 assentire
513 2167 544 2206 se
560 2143 711 2228 ueteribus
724 2145 849 2223 Gabinis
862 2145 987 2214 diceret,
1001 2145 1111 2224 quibus
1129 2145 1175 2205 ba

172 2227 305 2286 notiores
318 2233 429 2296 essent,
453 2227 517 2308 ipse
531 2225 698 2286 identidem
717 2226 790 2284 belli
803 2232 907 2300 auctor
921 2245 997 2295 esse,
1019 2227 1050 2284 in
1073 2245 1109 2286 eo
1120 2222 1173 2284 sibi

170 2307 354 2387 praecipuam
369 2307 558 2388 prudentiam
572 2325 732 2372 assumere,
746 2306 828 2383 quud
853 2305 1008 2382 utriusque
1016 2304 1124 2384 populi
1131 2302 1173 2362 vi·

170 2407 220 2446 res
231 2393 344 2456 nosset,
356 2387 515 2465 sciretque,
528 2384 655 2446 invisam
669 2383 804 2464 profecto
813 2383 979 2463 superbiam
992 2384 1105 2464 regiam
1113 2384 1172 2442 civ·

171 2466 238 2544 ibus
253 2485 328 2535 esse,
339 2485 428 2545 quam
443 2465 521 2525 ferre
530 2484 569 2524 ne
579 2463 665 2522 liberi
674 2463 797 2542 quidem
807 2468 985 2554 potuissent„
1026 2465 1075 2523 lta
1082 2482 1173 2543 quum

171 2543 282 2606 sensim
297 2546 334 2604 ad
350 2544 557 2606 rebellandum
575 2542 719 2623 primores
743 2544 927 2602 Gabinorum
948 2543 1098 2618 incitaret,
1111 2545 1173 2622 ipse

172 2645 240 2685 cum
264 2624 491 2705 promptissimis
511 2625 657 2704 juvenum
670 2623 838 2703 praedatum
853 2631 943 2702 ‘atque
965 2623 996 2681 in
1010 2621 1173 2703 expeditio·

171 2723 226 2766 nes
240 2705 307 2773 iret,
321 2713 353 2764 et
361 2703 452 2764 dictis
465 2703 614 2784 factisque
629 2702 765 2763 omnibus
786 2702 824 2762 ad
838 2702 1004 2767 fallendum
1018 2701 1172 2762 instructis

170 2805 248 2845 vana
262 2792 449 2844 accresceret
475 2784 560 2852 fides,
570 2785 636 2842 dux
649 2783 687 2844 ad
715 2783 855 2843 ultimum
875 2783 949 2842 belli
968 2783 1088 2864 legitur.
1130 2779 1173 2840 lbi

170 2883 272 2944 quum,
285 2864 381 2924 inscii
402 2863 597 2924 multitudine
622 2862 696 2944 quid
711 2869 857 2942 ageretur,
870 2863 977 2944 proelia
989 2883 1082 2942 parua
1094 2862 1172 2921 inter
1225 2856 1227 2919 l

170 2947 295 3005 Romam
311 2943 481 3025 Gabiosque
495 2943 612 3013 fierent,
623 2943 731 3024 quibus
745 2943 920 3036 plerumque
935 2943 1052 3004 Gabina
1064 2963 1115 3002 res
1125 2959 1171 3000 su·
1225 2948 1227 3007 l

192 3024 269 3086 erior
280 3031 378 3096 esset3
399 3030 463 3085 tum
477 3024 616 3084 certatim
630 3024 737 3084 summi
746 3024 901 3102 infimique
914 3023 1094 3082 Gabinorum
1106 3022 1172 3080 Sex.
1225 3012 1227 3143 Ι

122 3109 125 3118 ’
203 3105 370 3185 arquinium
385 3105 464 3166 dono
483 3105 581 3165 Deum
596 3105 651 3166 sibi
673 3104 796 3163 missum
810 3104 918 3161 ducem
931 3099 1073 3190 credere3
1093 3096 1171 3238 apud

170 3187 283 3246 milites
297 3207 368 3246 verr>
395 3187 531 3246 obeundo
551 3184 687 3266 pericula
704 3202 741 3242 aa
763 3183 888 3248 labores,
907 3187 1019 3260 pariter
1039 3200 1102 3261 prae
1127 3197 1173 3238 am
1225 3148 1227 3249 l

171 3265 312 3326 munifici:
325 3265 488 3339 largiendo,
510 3271 595 3324 tanta
619 3261 743 3322 caritate
757 3280 831 3327 esse,
855 3268 966 3318 utnon
989 3265 1075 3338 pater
1096 3260 1170 3317 Tar·
1225 3256 1227 3371 ἱ

173 3346 294 3425 quinius
307 3345 457 3426 potentior
471 3347 585 3413 Romae,
604 3342 695 3420 quim
708 3340 788 3400 filius
802 3339 906 3400 Gabiis
927 3345 1016 3399 esset
1051 3341 1171 3417 ltaque,
1225 3378 1227 3393 .

194 3433 331 3524 astquam
346 3425 418 3486 satis
433 3423 539 3485 virium
554 3424 713 3483 collectum
731 3421 771 3481 ad
786 3441 888 3480 omnes
903 3427 1029 3479 conatus
1043 3419 1170 3484 videbat,
1225 3396 1227 3457 l

171 3447 236 3569 lum
247 3529 264 3565 e
275 3505 339 3568 suis
353 3525 445 3565 unum
459 3504 645 3565 sciscitatum
657 3503 781 3561 Romam
792 3501 830 3563 ad
844 3510 957 3581 patrem
973 3496 1170 3577 mittit;quid·

172 3609 243 3652 nem
256 3605 288 3648 se
312 3585 541 3648 facerevelleti
562 3581 815 3661 quandoquidem,
836 3589 870 3640 ut
893 3579 992 3640 omnia
1004 3600 1083 3640 nnus
1111 3578 1171 3636 Ga·

172 3669 229 3732 biis
242 3672 352 3750 posset,
368 3664 395 3722 ei
411 3663 461 3724 Dii
470 3664 635 3724 dedissent.
676 3662 758 3720 Huic
772 3662 891 3730 nuncio,
905 3662 985 3740 quia,
999 3659 1096 3726 credo,
1116 3657 1170 3714 du·

173 3751 229 3814 biae
246 3747 317 3809 fidei
341 3741 507 3814 videbatur,
521 3743 601 3804 nihil
615 3763 689 3802 voce
704 3761 878 3821 responsum
894 3749 961 3809 est3
1014 3759 1074 3807 rer,
1088 3735 1171 3826 velut

172 3825 431 3896 deliberabundus,
454 3824 486 3887 in
509 3825 626 3887 bortum
641 3823 752 3886 aedium
765 3821 881 3892 transit,
896 3825 1041 3902 sequente
1061 3833 1170 3879 nuncio
