2634 4392
100 265 112 421 ,-
201 319 261 380 aaa
625 311 666 382 τ.
679 301 789 378 Lttlt

99 438 103 481 l

98 486 103 545 t

201 492 292 559 quam
303 475 434 538 sununs
449 469 587 534 cuniculo
600 469 750 535 nomnibus
764 479 860 551 arcem
868 471 930 555 iant
941 471 1059 552 plenam
1068 467 1186 536 ltostinrt

201 579 278 627 esse,
301 557 331 616 in
354 573 453 614 muros
467 576 520 635 pro
534 574 567 614 se
580 558 706 637 quisque
721 556 826 614 armati
840 553 1037 623 drscurrunta
1056 555 1185 616 nriramet

198 638 338 718 quidnam
354 635 386 695 id
400 642 489 705 esser,
511 635 601 713 qu⁴d,
625 645 716 713 quom
729 641 773 692 tot
794 655 847 712 per
861 635 926 694 dies
941 653 1030 692 nemo
1042 655 1074 692 se
1088 639 1118 694 ab
1130 649 1185 694 sta·

195 718 326 780 tionibus
343 715 483 777 Maianis
497 715 647 784 movisset,
668 722 741 781 tum,
755 715 837 772 velut
852 713 1007 794 repentino
1021 713 1073 772 icti
1085 713 1186 784 lurore,

178 790 181 798 ’
195 794 353 874 improvidi
369 806 524 855 currerent
544 795 581 853 ad
598 813 704 854 moros·
748 794 892 854 Inseritur
912 793 981 852 huic
995 793 1058 852 loco
1071 795 1184 853 tabula:

196 874 369 936 immolante
395 895 463 955 rege
487 874 664 955 Vejentium,
690 893 792 934 rocem
808 871 953 952 aruspicis
968 871 1102 941 dicentia,
1114 885 1131 909 ‘⁸
1140 869 1185 950 qui

197 959 263 1036 ejus
273 955 377 1015 hostiae
395 966 462 1016 exta
473 962 684 1046 prosecuisset,
699 953 726 1013 ei
738 953 887 1014 victoriam
903 953 1002 1022 dari,”-
1026 955 1185 1034 exauditam

195 1034 228 1096 in
245 1035 535 1106 cuniculo,'movrsse
547 1033 696 1093 Romanos
712 1033 829 1099 milites,
843 1043 885 1101 ut,
895 1035 1038 1112 adaperto
1049 1032 1184 1100 cuniculo,

196 1127 268 1178 exta
283 1124 431 1196 raperent,
445 1125 477 1174 et
490 1115 529 1177 ad
549 1114 725 1184 dictatorern
743 1113 864 1172 terrent.
885 1185 888 1188 ι
906 1115 965 1171 Sed
981 1112 1013 1170 in
1028 1115 1111 1170 rebus
1130 1123 1185 1170 tam

196 1195 338 1273 antiquis,
348 1196 383 1263 si,
397 1216 464 1273 qnae
479 1194 586 1253 similia
602 1194 663 1267 veri
679 1194 747 1260 sint,
760 1213 816 1271 pro
829 1189 1110 1272 veriaacc'ipiantor¹
1120 1193 1185 1250 satis

194 1272 328 1334 habeam.
371 1269 458 1341 llaec,
472 1274 510 1333 ad
522 1274 748 1332 ostentationem
764 1284 875 1340 scenrr,
891 1273 1056 1352 'gaudentis
1072 1271 1183 1329 orireru-

194 1353 243 1424 lis,
257 1354 381 1434 aptiora,
395 1355 483 1432 quim
498 1354 534 1412 ad
551 1353 649 1419 fidem,
665 1361 761 1430 neque
776 1347 933 1417 affirmare,
947 1359 1046 1427 neque
1061 1351 1184 1410 refellere

194 1442 243 1494 est
263 1454 360 1510 opera>
376 1433 512 1512 pretinm.
551 1427 731 1498 Caniculae,
753 1431 883 1505 delectis
897 1431 1040 1492 militibus
1064 1452 1098 1489 eu
1116 1441 1182 1490 tern-

193 1532 265 1593 pore
289 1512 403 1587 plenos,
424 1510 454 1568 in
468 1510 535 1570 aede
555 1510 690 1578 lenonia,
711 1510 779 1588 q‘oze
806 1510 836 1568 in
859 1508 1185 1590 Vejentanaarceemt,

192 1596 322 1661 armatos
336 1592 458 1670 repeth
473 1590 568 1650 edidit
582 1611 592 1659 ;
612 1598 642 1648 et
655 1608 731 1668 pars
745 1607 865 1658 averso-r
884 1590 916 1648 in
933 1591 1030 1649 vnrriris
1049 1591 1184 1650 invadunt

192 1669 316 1731 hostes:
339 1690 407 1750 pars
434 1671 566 1730 claustra
585 1672 736 1749 portarum
758 1667 930 1747 revellunt:
956 1691 1032 1738 nure,
1044 1687 1128 1748 quom
1143 1687 1185 1727 ex

193 1751 285 1812 tectis
306 1770 378 1812 sena
391 1751 561 1832 tegulaeque
576 1751 593 1808 ai
609 1749 780 1810 mulieribus
804 1748 840 1810 a'c
862 1750 992 1808 ser-uitiis
1016 1747 1186 1830 jacerentur,

84 1794 85 1813 t

84 1832 85 1903 ζ
175 1829 328 1892 ,interum
339 1830 430 1910 ignee.
472 1828 594 1888 Clamor
617 1829 715 1888 rrrnnia
730 1829 819 1888 variis
841 1831 1016 1892 terrentium
1038 1850 1074 1889 ac
1087 1849 1185 1908 paren·

191 1909 269 1971 tium
284 1911 415 1977 vocibus,
442 1909 535 1966 mixto
556 1909 712 1966 mulierum
726 1927 763 1966 ac
785 1929 941 1987 puerorum
965 1911 1091 1986 ploratu,
1111 1927 1185 1968 com·

191 1990 264 2069 plet.
305 1989 460 2048 Memento
476 1986 616 2066 temporis
631 1985 759 2066 dejectis
770 2007 808 2046 ex
818 1987 1056 2068 ‘muroundique
1068 1989 1186 2056 annatis,

190 2068 410 2148 patefactisque
424 2065 527 2147 portin,
551 2087 643 2145 quum
655 2067 707 2134 alii
721 2068 838 2147 agmine
852 2069 1079 2138 irruerent,3alii
1094 2067 1186 2127 deser-

191 2153 239 2208 tos
250 2148 429 2208 scanderent
443 2167 552 2216 muros,
564 2151 635 2207 urba
649 2147 781 2208 hostibus
795 2147 946 2230 impletur,
967 2150 1101 2207 omnibns
1122 2145 1186 2206 locis

191 2237 351 2310 pugnatur.
393 2228 521 2296 Deinde,
535 2227 632 2297 multiv
644 2228 708 2308 jam
729 2227 810 2286 edita
825 2227 919 2296 erede,
933 2229 1062 2291 senescit
1073 2245 1187 2307 pogna:

192 2317 225 2369 et
238 2309 367 2369 dictator
381 2328 538 2388 praecones
550 2307 671 2383 edicere
685 2309 780 2387 jubet,
807 2315 842 2366 ut
862 2311 898 2367 ab
925 2305 1032 2384 inermi
1046 2307 1188 2366 abstinea-

189 2395 264 2459 tur3
285 2390 317 2463 is!
337 2388 405 2446 finis
426 2387 579 2468 sanguinis
599 2385 666 2445 fuit
684 2419 687 2432 -
707 2385 785 2445 Dedi
800 2385 871 2446 inde
886 2389 1015 2447 inermes
1029 2387 1135 2465 treptie
1157 2391 1189 2444 et

172 2522 173 2525 ,
190 2469 228 2528 ad
246 2468 376 2547 praedam
391 2466 475 2526 miles
490 2466 636 2546 permissu
660 2465 814 2526 dictatoris
829 2467 972 2526 discurrit
986 2488 995 2537 ς
1018 2487 1084 2546 quae
1097 2482 1188 2544 quum

189 2554 261 2606 ante
276 2546 377 2607 oculor
391 2546 456 2623 ejus
470 2542 658 2626 aliquantum
673 2567 726 2626 spe
740 2549 829 2624 atque
845 2545 983 2628 opinione
1005 2550 1105 2624 rnqjor,
1130 2565 1190 2604 ma-

185 2628 324 2762 porisque
339 2625 425 2704 pretii
441 2646 539 2684 rerum
552 2625 690 2695 ferretur,
711 2625 820 2684 dicitur
833 2631 937 2685 manus
951 2627 989 2688 ad
1005 2628 1114 2688 cretum
1138 2623 1189 2684 tol·

203 2726 256 2763 ens
272 2713 411 2781 precatus
425 2724 501 2771 esse,
528 2715 547 2741 “
557 2713 600 2769 ut,
621 2705 646 2761 si
663 2706 709 2762 cui
732 2703 853 2764 deorum
869 2707 1080 2786 horninumqne
1100 2703 1188 2762 niunia

189 2803 245 2845 sua
259 2783 377 2841 fortuna
390 2782 551 2860 populique
576 2783 700 2841 Bouiani
717 2781 879 2855 videretur,
907 2796 1029 2850 utrum
1051 2783 1189 2844 invidiam

188 2862 295 2933 lenire,
344 2862 412 2919 ufm
436 2861 557 2922 minimo
577 2881 631 2921 auo
652 2863 767 2942 priuato
794 2863 987 2924 incommode
1005 2865 1192 2944 publicoque,

191 2944 302 3025 popolo
358 2945 464 3002 omnno
491 2942 630 3020 liceret?
693 2942 926 3004 Convertentem
956 2966 987 3004 se
1013 2947 1092 3006 inter
1119 2945 1192 3002 lunc

188 3023 421 3093 uenerationem,
452 3021 581 3082 traditur
616 3024 774 3089 raemoriae,
817 3025 986 3104 prolapsum
1022 3023 1192 3090 'recidisse;

188 3105 281 3182 idque
302 3124 389 3164 omen
403 3103 583 3182 peruenisse
598 3110 701 3192 postea
727 3114 835 3161 eventu
859 3125 919 3164 rem
935 3104 1193 3182 conjectanctibna

188 3183 286 3240 visum
301 3183 338 3241 ad
354 3183 578 3242 damnationem
596 3182 690 3260 ipsius
705 3182 835 3251 Camilli,
860 3191 955 3262 raptae
979 3185 1091 3244 deinde
1102 3182 1194 3244 xnrlris

172 3261 344 3331 Romanoa,
362 3263 440 3340 quod
455 3269 521 3340 post
535 3281 645 3340 paucos
660 3260 770 3320 accidit
792 3283 895 3332 antron,
920 3264 1047 3324 cladem.
1090 3267 1195 3341 Atque

187 3341 240 3400 ille
254 3341 319 3400 (lies
334 3342 418 3401 crde
433 3339 559 3422 hostium
574 3361 611 3401 ac
621 3341 788 3426 direptione
800 3345 880 3405 urbis
893 3344 1135 3426 opulentissimae
1151 3351 1196 3402 est

122 3459 130 3476 .
187 3433 388 3500 consitorptus·

228 3504 328 3561 Xllll.
350 3502 471 3559 Postero
486 3499 535 3560 die
547 3492 641 3560 libera
655 3521 776 3582 corpora
789 3503 917 3563 dictator
928 3507 983 3570 snb
995 3525 1107 3564 corona
1116 3465 1195 3561 ¹ven·

118 3582 121 3588 ’
187 3581 264 3640 didit
279 3603 288 3652 3
309 3602 344 3641 ea
358 3583 420 3638 sola
434 3582 561 3660 pecunia
581 3581 612 3639 in
624 3583 775 3660 poblicum
793 3583 945 3664 redigitur,
972 3585 1048 3645 lrauu
1067 3584 1139 3644 sine
1155 3585 1196 3640 ira

181 3662 304 3740 ⁴plebio3
326 3668 357 3720 et
379 3660 456 3732 quod
480 3662 608 3719 retulere
632 3682 732 3722 serunt
749 3664 864 3742 predae,
893 3684 948 3736 nec
972 3665 1052 3733 duci,
1078 3663 1135 3742 qui
1161 3661 1195 3721 ad

178 3750 334 3807 cenatum,
357 3736 553 3819 malignitatis
566 3747 704 3800 auctores
729 3744 900 3820 quaerendo,
929 3763 988 3805 rem
1003 3743 1125 3804 arbitrii
1153 3740 1197 3799 sni

185 3819 364 3890 rejecisset3
386 3838 441 3876 nec
462 3819 663 3887 senatunsed
686 3822 806 3882 liciniae
827 3821 956 3893 familia,
971 3844 1005 3882 ex
1022 3846 1086 3904 qun
1114 3823 1197 3882 tilios

184 3896 224 3948 ad
237 3903 376 3965 renatum
387 3899 550 3967 retulisset,
569 3909 656 3980 pater
680 3911 741 3963 tarn
761 3901 910 3984 popularia
930 3903 1094 3968 sententiae
1124 3920 1196 3964 auc·
