2634 4392
172 331 230 390 na
590 331 628 414 r.
642 330 750 394 mvn

171 491 300 575 aperiret
312 491 415 572 magis,
428 491 519 570 quam
533 489 656 558 levaret,
669 490 799 571 inopiam
813 508 822 559 3
843 488 929 548 multi
939 509 980 550 ⁴ex
993 489 1091 571 plene,
1115 511 1163 572 spe

171 572 291 648 amissa,
302 571 402 652 potiris
416 571 506 649 quim
520 578 554 630 ut
568 567 774 630 cruciarentur
784 568 927 630 trahendo
935 569 1074 640 animam,
1088 572 1164 652 capi·

93 661 94 666 ’
170 653 248 712 tibus
261 651 409 712 obvolutis
423 671 455 710 se
468 650 500 710 in
515 648 646 710 Tiberim
661 648 936 732 praecipitaverunt.
1028 684 1030 687 -

208 731 296 790 x111.
317 731 397 789 Turn
414 732 463 810 Sp.
484 730 605 790 Maelius
626 749 664 788 ex
682 729 814 808 equestri
827 728 942 798 ordine,
962 731 996 788 ut
1015 727 1077 789 iuis
1090 737 1160 791 tem·
1222 678 1224 723 !

168 811 297 894 poribuS,
310 809 466 890 predives,
490 817 553 870 rem
564 810 677 878 utilem,
687 808 816 890 pessimo
828 807 974 888 exemplo,
986 811 1087 890 pejore
1096 829 1161 870 con·

168 891 244 960 silio,
271 899 318 951 est
338 909 493 971 aggressus
509 910 518 960 3
538 892 688 949 frumento
706 907 835 968 namque
859 907 897 947 ex
916 889 1038 959 Etruria
1049 889 1162 976 privata

189 970 297 1032 ecunia
331 991 385 1050 per
409 969 558 1050 hospitum
582 968 797 1046 clientiumque
829 966 996 1028 ministeria
1021 977 1163 1050 coempto,

167 992 262 1132 iquae,
286 1049 384 1120 credo,
406 1048 470 1132 ipsa
483 1064 531 1109 res
558 1049 769 1110 adlevandum
781 1045 901 1128 publica
913 1048 996 1108 'cura
1021 1061 1163 1109 annonam

167 1131 381 1212 impedimento
401 1129 511 1210 fuerat)
539 1128 711 1209 largitiones
732 1126 873 1188 frumenti
894 1126 1161 1188 facere’insfituit:

168 1211 364 1290 plebemque,
377 1209 431 1268 hoc
458 1227 581 1283 munere
608 1208 773 1277 delinitam,
800 1224 981 1287 quacunque
1006 1206 1163 1277 incederet,

169 1298 348 1370 conspectus
362 1286 517 1368 elatusque
539 1287 760 1368 supramodum
775 1285 900 1346 hominis
919 1286 1041 1366 privati,
1069 1307 1163 1347 secum

169 1370 286 1431 trahere
299 1389 306 1436 3
327 1368 404 1448 haud
419 1367 540 1442 dubium
555 1366 742 1426 consulatum
751 1365 857 1447 ‘favore
871 1367 907 1425 ac‘
916 1385 969 1446 spe
981 1367 1162 1448 desponden-

168 1467 239 1509 tem.
282 1447 360 1526 Ipse,
376 1449 410 1506 ut
420 1453 465 1506 est
479 1448 624 1506 humanus
639 1446 756 1506 animus
768 1445 945 1507 insatiabilis
959 1465 1005 1516 eo,
1019 1448 1099 1525 quod
1110 1448 1162 1507 for·

168 1535 242 1590 tuna
261 1526 396 1606 spondet,
421 1526 459 1584 ad
480 1525 585 1585 altiora
599 1531 632 1585 et
645 1545 705 1585 non
717 1543 858 1584 concessa
868 1525 996 1585 tendere
1011 1546 1020 1596 3
1041 1535 1081 1597 et,
1094 1547 1162 1605 quo·

168 1607 248 1668 niam
263 1605 436 1666 consulatus
451 1625 569 1686 quoque
583 1601 754 1686 eripiendus
766 1605 869 1664 invitis
883 1603 1024 1665 Patribus
1033 1617 1115 1676 esset,
1125 1607 1162 1666 de

168 1706 258 1769 ragno
270 1685 383 1768 agitare
397 1705 406 1743 3
426 1685 459 1744 id
473 1705 563 1746 unum
578 1685 701 1766 dignum
714 1691 796 1745 tanto
810 1686 955 1764 apparatu
975 1685 1161 1745 consiliorum

170 1775 202 1828 et
215 1765 387 1836 certamine,
401 1767 481 1844 quod
494 1765 599 1857 ingens
610 1759 816 1830 exsudandum
831 1770 919 1831 esset,
930 1763 1090 1843 praemium
1099 1765 1163 1825 iore.

168 1851 235 1908 Jam
249 1844 369 1906 comitia
383 1846 549 1905 consularia
569 1844 744 1914 instabant3
765 1862 834 1922 quta
855 1862 902 1902 res
915 1863 992 1912 eum,
1019 1863 1080 1904 nec
1100 1845 1163 1904 dum
1222 1902 1224 1905 .

168 1923 339 2006 compositis
352 1915 513 1982 maturis've
527 1922 599 1982 satis
612 1923 755 1991 consitiis,
767 1921 924 2005 oppressit.
948 1912 950 1919 ¹
963 1922 1079 1982 Consul
1102 1943 1164 1985 sex·

168 2009 233 2066 tum
247 2009 364 2063 creatus
387 2001 598 2077 TQ'Quinctius
620 2001 818 2082 Capitolinus,
841 1998 960 2063 minim&
981 2009 1164 2082 opportunus

123 2145 125 2152 ,
171 2084 216 2157 vir
229 2082 353 2144 novanti
366 2097 436 2142 rest
458 2081 572 2164 collega
585 2081 708 2142 additur
728 2083 756 2142 ei
777 2082 912 2173 Agrippa
921 2083 1100 2162 Menenius,
1122 2083 1163 2143 cui

115 2217 117 2221 .
168 2164 287 2224 Lanato
307 2168 372 2223 erat
385 2179 547 2246 cognomen
561 2183 570 2232 3
590 2169 623 2224 et
640 2163 678 2222 L.
689 2161 845 2223 Minucius
857 2161 1022 2255 praefectus
1032 2183 1163 2234 annone,

169 2244 377 2314 coarctemus,
398 2261 461 2314 seu,
481 2243 579 2322 quoad
593 2261 640 2304 res
661 2250 807 2324 posceret,
820 2242 852 2302 in
864 2247 1013 2302 incertum
1029 2250 1162 2304 creatus:

169 2324 243 2386 nihil
257 2343 336 2394 enim
350 2329 475 2392 constat,
502 2323 560 2382 nisi
581 2322 611 2384 in
631 2322 720 2382 libros
734 2322 842 2382 linteos
853 2328 981 2401 utroque
994 2342 1075 2383 anno
1093 2324 1164 2384 rela-

169 2410 234 2466 tum
243 2404 324 2465 inter
337 2401 528 2483 magistratus
541 2401 678 2482 praefecti
691 2421 809 2460 nomen.
849 2401 909 2460 Hic
918 2401 1085 2473 Minucius,
1096 2423 1164 2464 ean·

169 2484 238 2546 dem
251 2483 370 2565 publice
381 2475 564 2544 curationem
576 2499 678 2562 agens,
688 2501 778 2560 quam
791 2480 913 2540 Maelius
923 2483 1065 2574 privatim
1075 2503 1162 2566 agen-

170 2563 238 2624 dam
252 2567 432 2643 susceperat,
442 2581 535 2641 quum
545 2560 577 2620 in
588 2567 716 2640 utraque
728 2562 814 2622 domo
824 2579 918 2647 genus
929 2562 1008 2622 idem
1018 2563 1164 2623 hominnm

169 2649 347 2710 versaretur,
373 2661 436 2701 rem
457 2647 638 2722 compertam
660 2643 704 2702 ad
725 2648 862 2702 senatum
881 2641 983 2711 refert,
1011 2644 1117 2704 “Tela
1134 2645 1163 2703 in

171 2725 291 2784 domum
304 2720 399 2782 Malii
414 2721 551 2789 conferri,
566 2729 694 2798 euntque
716 2721 874 2781 conciones
888 2722 969 2782 domi
982 2721 1113 2784 habere:
1132 2745 1164 2784 ac

169 2823 229 2864 non
244 2800 333 2862 dubia
347 2799 440 2880 regni
452 2798 576 2858 consilia
589 2813 655 2860 esse
669 2819 680 2870 3
699 2805 818 2880 tempus
837 2802 963 2882 agenda
977 2802 1021 2862 rei
1034 2803 1164 2864 nondum

170 2889 249 2944 stare
263 2902 272 2952 3
293 2885 394 2941 cetera
412 2881 475 2960 jam
492 2879 667 2940 convenisse
680 2900 690 2950 3
711 2888 742 2940 et
754 2880 887 2941 tribunos
901 2883 1039 2944 mercede
1053 2889 1165 2964 emptor

170 2964 210 3026 ad
232 2960 416 3044 prodendam
439 2959 617 3028 libertatem,
638 2966 670 3018 et
693 2960 804 3041 partita
823 2961 949 3022 ductans
969 2962 1165 3024 multitudinis

169 3041 332 3112 ministeria
346 3060 432 3108 esse.¹
461 3038 563 3100 Sarius
588 3059 619 3100 se
632 3058 718 3122 pene,
732 3042 823 3121 quam
836 3038 936 3102 tutum
948 3041 1050 3114 fuerit,
1063 3063 1102 3105 ne
1116 3064 1165 3102 cn·

167 3129 218 3206 jus
231 3122 338 3184 incerti
352 3120 481 3202 vanique
498 3125 710 3192 'auctoresset
736 3143 773 3183 ea
795 3122 945 3182 deferre.'’
986 3123 1063 3196 Qoae
1086 3131 1165 3206 post·

171 3221 260 3284 quarn
275 3201 469 3270 stautandin,
494 3207 524 3260 et
547 3200 681 3278 undique
700 3201 842 3282 primores
862 3202 986 3262 Patrurn
1009 3211 1043 3262 et
1062 3203 1166 3284 prioris

171 3282 242 3344 anni
255 3282 392 3342 consules
415 3281 613 3358 increparent,
640 3281 721 3358 qudd
742 3300 792 3340 eas
815 3281 989 3362 largitiones
1009 3291 1093 3343 coetu
1129 3304 1166 3343 ue

170 3361 266 3443 plebis
279 3360 311 3421 in
324 3360 439 3440 privato
454 3357 540 3418 domo
552 3358 632 3439 passi
646 3364 747 3420 essent
759 3359 834 3431 fieri,
860 3368 892 3421 et
905 3381 997 3422 novos
1018 3302 1167 3433 censiles,

171 3442 253 3524 quud
267 3444 487 3524 expectassent,
507 3439 603 3498 donec
618 3439 634 3498 εὶ
648 3440 794 3520 praetacto
808 3459 934 3501 annonae
955 3448 1041 3504 tanta
1059 3462 1110 3504 res
1130 3442 1168 3503 ad

170 3528 308 3584 senatum
322 3519 497 3590 deferretur,
511 3539 580 3612 quse
596 3520 749 3580 consulem
761 3541 820 3601 non
834 3526 986 3582 auctorem
1001 3524 1100 3585 solnm
1113 3523 1167 3582 de·

171 3602 326 3669 sideraret,
336 3599 390 3659 sed
404 3599 494 3658 etiam
505 3597 653 3659 vindicem
664 3619 673 3669 3
686 3605 751 3660 tum
762 3600 979 3674 TsQuinctius,
990 3603 1168 3663 “Consules

170 3681 319 3750 immeriti)
328 3677 508 3760 increpari,'’
522 3679 573 3746 ait,
587 3689 604 3716 “
615 3678 677 3757 qui,
688 3680 842 3740 constricti
852 3681 967 3761 legibus
976 3683 1014 3743 de
1024 3702 1166 3766 provoca·

169 3760 252 3818 tione
272 3759 310 3820 ad
323 3755 545 3818 dissolvendum
567 3757 723 3838 imperium
737 3759 815 3828 latis,
840 3773 1027 3840 nequaquam
1048 3767 1168 3824 tantum

171 3835 278 3896 virium
288 3837 320 3897 in
330 3837 503 3920 magistratu
513 3836 551 3894 ad
563 3855 628 3896 eam
639 3859 702 3898 rom
716 3859 770 3920 pro
780 3839 935 3900 atrocitate
946 3841 1168 3910 uindicandam.

171 3919 316 3987 quantum
335 3916 436 3984 enimi,
458 3916 601 3978 habereut
611 3935 621 3987 3
641 3937 716 4000 opus
735 3936 801 3981 esre
820 3938 880 3979 uon
900 3921 969 3983 forti
982 3921 1083 3983 solnm
1093 3924 1168 3990 rire,
