2634 4392
534 318 664 382 LIBER
677 318 737 391 111.
1072 323 1130 383 m

91 519 93 532 .
139 475 229 557 Atqui
242 480 295 538 aut
309 474 393 539 xleba
410 496 471 537 nun
491 484 539 538 est
552 476 696 547 habenda,
720 482 773 541 ant
785 472 920 539 'habendi
934 483 1005 541 suut
1017 478 1131 541 tribuni

138 557 235 638 plebis.
328 577 361 618 us
395 556 486 619 citius
518 556 700 620 caruerimus
734 556 867 639 patriciis
900 558 1131 640 magistratuum

139 637 219 714 quim
235 636 280 697 illi
294 634 427 717 plebeiis.
467 637 586 698 Novam
598 637 844 719 inexpertamque
870 658 935 699 eam
950 640 1129 721 potestatem

138 716 266 796 eripuere
279 717 412 797 patrinus
433 718 552 787 nostris,
572 738 611 778 ue
631 737 722 787 nuuc,
744 717 906 778 dulcedine
927 719 1017 781 semel
1038 718 1129 801 capti,

136 794 228 856 ierant
250 796 559 877 desiderium3quum
581 796 752 877 praesertim
776 818 832 859 nec
858 818 911 859 nus
931 806 1130 881 temperemus

137 872 273 957 imperiis,
288 892 349 954 qun
361 896 460 937 munus
475 876 520 936 illi
534 875 638 937 auxilii
651 879 791 958 egeant?
833 878 930 951 Quum
944 876 1009 940 haee
1019 898 1056 939 ea
1066 898 1130 938 um·

135 954 164 1013 ni
185 962 269 1036 parte
277 958 476 1047 jactarentur,
496 956 569 1018 victi
582 977 730 1019 consensu
754 956 926 1028 decemviri,
951 958 1066 1035 futurus
1088 978 1130 1027 se,

135 1037 249 1116 quando
276 1046 319 1098 uta
341 1036 493 1107 uideatur,
518 1036 550 1097 in
571 1042 719 1119 potestate
745 1038 868 1099 Petrum
892 1038 1051 1099 affirmant.
1093 1038 1130 1099 ld

133 1116 215 1175 modii
226 1114 318 1178 simul
333 1124 418 1177 orant
430 1136 467 1176 ac
488 1124 620 1185 monent,
642 1125 678 1175 ut
697 1115 771 1197 ipsis
791 1120 828 1177 ab
842 1116 955 1177 invidia
969 1125 1130 1182 caveatur:

133 1212 184 1254 nec
198 1216 254 1256 suu
267 1196 411 1277 sanguine
422 1196 459 1256 ad
475 1216 532 1276 sup
553 1194 622 1257 licia
635 1196 759 1257 Patrum
771 1196 887 1291 plebem
899 1196 1109 1259 assuefaciant.

167 1271 358 1337 Llrls'rum
376 1271 511 1338 Valerius
558 1276 740 1357 meliusque,
765 1276 849 1337 mussi
862 1277 901 1339 ad
921 1277 1036 1357 plebem
1058 1270 1130 1337 cim·
1223 1334 1224 1343 ,

132 1346 300 1425 ditionibus,
320 1356 428 1447 quibus
442 1355 601 1425 videretur,
627 1356 827 1416 revocandam
848 1357 1129 1437 componendasque

132 1452 185 1503 res,
210 1435 391 1495 decemmis
410 1456 528 1515 quoque
541 1438 578 1495 ab
592 1430 637 1497 ira
656 1436 688 1496 et
701 1435 815 1517 impetu
830 1436 1031 1497 multitudinis
1052 1456 1130 1517 prse-

132 1533 238 1574 aavere
256 1514 409 1593 jubentur.
451 1515 582 1576 Profecti
598 1516 711 1597 gaudia
731 1515 845 1597 ingenti
865 1517 960 1617 plebis
983 1517 1013 1580 iu
1031 1528 1131 1579 castra

129 1593 334 1674 accipiuntur3
364 1594 436 1677 qnip
458 1616 475 1656 e
495 1596 668 1657 liberatores
689 1594 768 1655 haud
788 1596 876 1657 dubie
900 1606 931 1657 et
953 1604 1050 1659 rnotus
1070 1596 1129 1656 ini·

130 1672 177 1742 tin,
191 1680 224 1733 et
237 1674 319 1736 exitu
333 1669 385 1735 rei.
453 1679 472 1735 b
491 1676 557 1734 haec
571 1674 800 1735 advenientibus
820 1676 926 1756 gratiae
941 1686 1029 1737 actae.
1070 1678 1129 1735 Ici-

130 1752 214 1816 tilius
224 1772 279 1834 pru
293 1753 483 1815 multitudine
497 1753 682 1815 verba'faeit.
723 1754 818 1824 Idem,
832 1754 972 1835 quumde
983 1754 1129 1816 conditiu-

129 1830 213 1892 nibus
234 1841 381 1915 ageretur,
408 1832 750 1915 qnaerautibuslegatis,
772 1854 841 1913 quae
868 1835 1015 1911 pustulata
1036 1834 1131 1915 plebis

129 1919 250 1981 assent·
265 1912 427 1992 compositu
445 1914 510 1993 jum
531 1920 602 1973 ante
622 1914 786 1973 adventum
807 1914 971 1995 legaturum
994 1914 1128 1987 consilio,
1208 1937 1211 1943 ·

128 2009 159 2051 ea
173 1992 346 2073 postulavit,
367 2002 402 2053 ut
415 1999 582 2073 appareret,
602 1994 634 2051 in
648 1995 792 2071 aequitate
816 2014 916 2055 rerum
940 1996 1017 2087 plus,
1037 1996 1129 2075 quim

127 2068 272 2139 inarmis,
294 2072 397 2149 reponi
418 2072 492 2149 spei.
534 2072 715 2141 Potentatem
737 2073 816 2131 enim
838 2074 1037 2143 tribuniciam,
1061 2096 1128 2155 pru·

127 2150 371 2227 vocationemque
399 2150 581 2227 repetebant,
617 2168 685 2225 que
709 2154 778 2209 ante
801 2150 985 2213 decemviros
1014 2160 1129 2216 creatos

126 2228 237 2289 auxilia
251 2227 345 2311 plebis
361 2226 488 2297 fuerant,
509 2234 540 2287 et
552 2242 595 2286 ue·
605 2226 653 2288 cui
667 2226 766 2287 fraudi
781 2235 869 2299 esset,
896 2242 1033 2294 concisse-
1048 2234 1126 2299 mili.

126 2314 169 2369 tes
182 2315 239 2371 aut
259 2306 375 2388 plebem
389 2308 428 2368 ad
444 2305 636 2387 repetendam
654 2318 710 2385 per
729 2308 927 2383 secessionem
949 2311 1127 2375 libertatem.

127 2387 169 2448 De
196 2386 433 2449 decemvirorum
460 2385 549 2453 modu
575 2384 722 2467 supplicio
746 2394 832 2448 atrox
853 2392 1036 2471 postulatum
1059 2391 1128 2455 fuit.

128 2467 203 2527 Dedi
225 2468 335 2549 quippe
357 2486 408 2528 eos
428 2486 549 2547 aequum
569 2467 740 2537 censebant,
763 2468 907 2548 vivosque
929 2470 989 2552 igni
1004 2491 1127 2534 concre-

127 2558 257 2609 maturos
278 2548 476 2608 minabantur.
518 2545 623 2638 Legati
644 2546 683 2607 ad
704 2567 760 2607 ea:
786 2549 892 2623 “Quae
920 2550 1038 2611 consilii
1062 2553 1127 2614 lue·

127 2635 201 2699 mut,
227 2627 303 2688 adet
320 2647 407 2719 aequa
421 2626 604 2706 pustullstrs¹
627 2632 662 2685 ut
682 2625 762 2687 ultro
781 2630 865 2689 vobis
879 2630 1041 2693 deferenda
1060 2633 1126 2696 fue·

127 2706 202 2779 1int;
238 2707 370 2767 libertam
390 2705 470 2767 enim
491 2727 526 2766 ea
554 2704 694 2767 *residia
713 2706 825 2788 petitis,
852 2728 911 2771 nun
934 2711 1064 2772 licentiae
1087 2713 1126 2773 ad

127 2783 437 2869 impugnandusalius.
478 2787 537 2846 lrae
552 2792 661 2845 vestrae
676 2807 705 2845 m
745 2786 769 2847 's
790 2786 1014 2869 ignoscendum,
1034 2794 1127 2871 quim

127 2861 339 2949 indulgendum
360 2873 427 2935 est;
447 2867 557 2946 quippe
568 2865 620 2945 qui
634 2807 753 2927 crudfleii

126 2949 181 3005 tem
196 2946 293 3013 mitis,
308 2951 339 3005 et
349 2944 433 3025 prius
448 2950 520 3025 pent
534 2947 625 3023 quim
635 2946 693 3025 ipsi
707 2946 792 3007 liberi
807 2947 882 3019 sitis,
906 2949 1052 3015 dominari
1059 2952 1124 3029 jam

126 3021 153 3081 in
172 3024 360 3087 adversarius
395 3024 495 3083 vultis.
535 3024 738 3103 Nunquamne
752 3026 892 3107 quiescet
901 3028 1007 3089 civitas
1021 3036 1125 3093 nostra

128 3101 143 3159 ai
155 3105 319 3187 suppliciis,
340 3112 393 3163 aut
406 3103 528 3164 Patmm
542 3101 574 3162 in
585 3104 702 3185 plebem
718 3104 890 3177 Romanam,
910 3115 963 3169 aut
976 3109 1071 3187 plebis
1090 3109 1126 3177 iu

127 3180 251 3245 Patres?
292 3186 384 3245 Scuto
398 3182 480 3244 rubis
500 3182 603 3264 magis,
624 3185 716 3263 quim
729 3184 839 3267 gladio,
859 3206 933 3269 opus
946 3194 1003 3249 est.
1044 3190 1126 3251 Satin

126 3262 398 3355 superquebumitis
409 3272 464 3329 est,
475 3263 527 3343 qni
532 3264 602 3343 jure
615 3283 702 3343 aequo
711 3262 742 3325 iu
754 3264 875 3326 civitate
887 3265 1033 3338 vivit‚nec
1045 3267 1123 3328 infe.

125 3344 214 3403 reuda
228 3344 364 3424 iujuriam
380 3364 436 3404 nec
451 3341 600 3423 patiendo.
640 3344 750 3415 Etiam,
769 3345 925 3425 siquando
948 3350 1122 3411 metuendos

125 3442 173 3483 vus
187 3420 338 3505 praebituri
350 3424 432 3493 estis,
446 3443 548 3501 quum,
560 3442 629 3485 recu
634 3424 744 3503 peratis
759 3426 978 3505 magistratibus
992 3427 1020 3489 le
1042 3428 1121 3489 ihus·

127 3521 180 3580 que
193 3501 310 3572 vestris,
320 3504 435 3584 judicia
447 3522 537 3584 [renes
557 3522 611 3561 vus
625 3510 714 3565 erunt
734 3505 772 3567 de
794 3504 891 3585 capite
905 3513 1007 3567 nostro
1022 3449 1122 3567 ξυνω-

127 3580 248 3662 nisque3
270 3592 351 3652 tunc,
361 3592 395 3643 ut
406 3602 534 3663 quaeque
548 3602 637 3644 causa
651 3582 717 3655 erit,
728 3584 885 3657 statuetis3
906 3606 985 3647 nuuc
1000 3587 1122 3649 liberta·

125 3665 223 3723 tenure
264 3662 288 3721 ti
302 3662 373 3723 satis
387 3664 488 3724 est.”-
1070 3702 1075 3710 ·

162 3740 204 3801 lai
235 3784 243 3800 .
266 3744 421 3814 Facerem,
441 3742 617 3810 nivalium,
638 3743 877 3823 permittentibus
899 3746 1025 3814 cunctis,
1051 3766 1120 3807 mox

126 3819 267 3883 rediturus
283 3842 314 3881 se
330 3821 419 3903 legati
433 3826 520 3883 rebus
535 3820 845 3903 perfertisaffirmantss
884 3824 1014 3885 Pruseetl
1025 3844 1118 3905 quum

126 3902 260 3967 mandata
269 3903 365 3987 plebis
379 3887 518 3965 Patribus
538 3903 754 3985 exposuissent.
767 3904 818 3967 alii
832 3903 1004 3979 decemviri,
1024 3924 1120 3990 quau}

751 2866 823 2928 tatis
836 2869 903 2929 udin
918 2868 948 2930 in
962 2872 1124 2932 crudelita·
1224 2896 1225 2899 ¹
