2634 4392
149 285 187 338 uu
425 320 429 330 »
561 270 600 340 'ri
614 273 723 341 trun

147 443 201 502 set.
241 431 343 508 Nunc,
364 433 505 518 quoniam
532 445 618 502 tuum
637 440 801 504 insanabile
820 442 973 524 ingenium
986 449 1042 515 est,
1062 463 1095 507 at
1115 455 1152 508 tu

144 525 196 578 tuo
209 517 353 656 supplicis
374 517 454 580 doce.
469 519 631 584 humanum
644 543 739 605 genus
753 543 790 584 ea
809 530 914 584 sancta
934 525 1066 606 credere,
1080 547 1150 606 quae

84 627 85 634 κ
145 599 207 658 alte
221 617 268 657 vro
281 603 332 665 ata
345 605 425 660 sunt
466 601 512 661 Ut
526 602 616 682 igitur
629 603 721 683 pauld
740 603 808 665 aute
822 600 954 663 animum
967 604 1046 666 iuter
1060 607 1150 668 Fide·
1232 646 1234 665 .

143 684 244 738 uatem
258 679 424 740 Romanam
444 701 483 742 ue
504 700 566 742 rem
583 683 745 764 ancipitem
764 682 892 764 gessisti,
906 683 949 746 ita
963 687 1028 766 jam
1043 703 1150 768 corpus
1232 738 1233 741 ,

84 773 85 776 ’
142 757 255 839 passim
265 701 493 821 ‘distrahendum
507 761 623 824 dabis.”
665 763 793 833 Exinde,
804 764 920 825 duabus
933 766 1061 826 admotis
1073 787 1149 845 qua:
1232 770 1234 850 s

142 835 244 920 drigis‚
268 838 301 899 iu
324 861 429 901 currus
449 859 554 902 earum¹
565 843 729 904 distentum
749 842 847 926 illigat
867 844 1018 916 Mettum3
1038 846 1150 907 deinde
1232 869 1234 893 ¹

142 916 174 978 in
196 917 348 980 diversum
368 921 427 981 iter
446 922 517 1002 equi
542 923 694 993 concitati,
715 923 849 984 lacerum
869 923 1037 1004 inutraque
1057 945 1148 987 curru
1232 938 1234 999 j

142 1018 259 1080 corpus,
272 1007 333 1079 qua
347 1001 679 1065 inhaeserant'rinculia
692 1007 833 1076 membra,
846 1011 1009 1085 portantes.
1048 1005 1147 1066 Aver-
1232 1013 1234 1083 ξ

141 1086 205 1140 tere
225 1092 327 1142 omnes
342 1081 359 1141 d
372 1081 608 1146 tantafoeditate
622 1084 788 1165 spectaculi
798 1084 912 1151 aculus.
952 1085 1086 1146 Primum
1098 1085 1151 1146 ul¹
1232 1154 1234 1165 Ι

131 1159 397 1239 ¹timumqueillud
414 1163 595 1242 supplicium
622 1165 701 1244 apud
723 1165 873 1234 Romanos
892 1165 1023 1256 exempli
1042 1185 1150 1247 parum
1232 1201 1234 1241 5

137 1240 277 1300 memoris
287 1242 387 1333 legum
400 1242 595 1304 humanarum
617 1241 696 1316 fuit;
716 1243 748 1304 iu
761 1243 830 1304 aliis
841 1243 961 1324 gloriari
973 1245 1055 1316 licet,
1068 1245 1148 1305 nulli
1232 1284 1234 1320 :

138 1319 271 1402 gentium
285 1319 415 1384 mitiores
426 1323 574 1404 placuisse
587 1343 702 1404 poenas.
740 1370 742 1375 .
917 1400 919 1405 Ι
1140 1370 1144 1375 -

149 1405 150 1408 ’
181 1395 293 1460 XXIX.
315 1397 398 1462 Inter
417 1402 484 1462 haec
515 1405 573 1462 'arn
595 1403 742 1484 praemissi
773 1404 883 1466 Albam
913 1409 999 1466 erant
1019 1424 1036 1466 e
1057 1405 1147 1477 uites,

137 1480 193 1560 qui
213 1480 435 1567 multitudinem
455 1425 648 1544 traducerent
671 1485 807 1546 Rumam.
867 1483 1015 1566 Legiones
1036 1426 1156 1547 deinde

140 1561 242 1621 ductae
265 1561 302 1621 ad
315 1560 501 1638 ¹diruendam
511 1565 632 1646 urbem3
655 1583 724 1644 quae
735 1567 786 1624 ubi
799 1565 948 1626 intravere
961 1572 1072 1646 portas,
1085 1585 1148 1627 nan

141 1640 263 1722 quidem
277 1639 335 1706 fuit
354 1642 500 1704 tumultus
514 1643 575 1714 ille,
595 1663 652 1706 nec
672 1664 774 1727 pavor,
793 1645 892 1726 qualis
912 1652 1065 1727 captarum
1079 1665 1147 1706 esse

140 1720 257 1781 urbium
279 1723 373 1793 sclet;
393 1741 495 1804 quum,
509 1724 640 1786 effractis
654 1725 757 1807 portis,
778 1725 917 1788 stratisve
938 1725 1029 1787 ariete
1043 1726 1147 1797 muris,

139 1807 193 1860 aut
206 1819 275 1862 aree
297 1802 326 1861 vi
348 1809 446 1884 captt,
467 1805 579 1866 clamor
598 1803 715 1866 hastilis
736 1814 767 1868 et
789 1826 895 1866 cursus
913 1809 1083 1885 perurbem
1097 1826 1146 1866 ar-

139 1884 406 1944 matorum'omnia
425 1884 503 1944 ferro
533 1884 714 1964 flammaque
739 1885 869 1955 miscet3
909 1885 966 1946 sed
994 1884 1149 1947 silentium

139 1961 225 2022 triste
237 1963 379 2023 actacita
392 1963 533 2026 moestitia
552 1964 594 2024 ita
614 1965 719 2025 defixit
732 1965 862 2025 omnium
882 1963 1005 2034 animos,
1018 1970 1061 2034 ut,
1102 1986 1146 2028 rae

140 2048 222 2102 metu
244 2043 336 2113 obliti,
362 2039 434 2124 quid
455 2043 669 2124 relinquerent,
689 2045 762 2127 quid
783 2065 884 2106 secum
898 2044 1024 2130 ferrent,
1040 1987 1146 2104 delei·

138 2127 209 2182 ente
230 2123 361 2194 consilio,
382 2122 604 2206 rogitantesque
626 2125 678 2185 alii
710 2123 793 2195 alius,
822 2145 903 2184 nunc
931 2124 964 2184 in
993 2124 1147 2186 liminibus

141 2209 264 2273 starent,
285 2223 366 2264 nunc
387 2205 546 2267 errabundi
567 2201 674 2267 douuos'
690 2226 770 2276 suas,
789 2205 927 2266 ultimum
947 2204 1021 2265 illud
1043 2205 1146 2275 visuri,

140 2290 382 2366 pervagarentur·
423 2285 466 2345 Ut
475 2288 549 2355 ⁴tero
565 2288 628 2366 jam
643 2286 777 2364 equitum
796 2288 908 2345 clamor
921 2284 1001 2344 exire
1011 2284 1145 2364 jubenti·

139 2379 191 2422 um
212 2363 351 2436 instabat,
368 2367 432 2446 ja'rn
446 2366 544 2446 fragor
557 2373 714 2433 tectorum,
728 2384 797 2444 quae
812 2364 1015 2433 diruebantur,
1029 2365 1145 2425 ultimis
1232 2418 1234 2441 ,

141 2443 222 2504 urbis
236 2445 369 2524 partibus
382 2445 567 2514 audiebatur,
590 2443 756 2526 pulvisque,
770 2462 807 2505 ex
820 2443 998 2504 distantibus
1009 2443 1083 2504 locis
1097 2465 1144 2504 cr·
1232 2452 1234 2525 ξ

139 2531 199 2594 tus,
212 2526 297 2585 velut
317 2528 395 2585 nube
414 2525 545 2586 'inducta
566 2524 665 2586 omnia
685 2523 880 2606 impleuerat3
899 2523 1017 2606 raptim,
1037 2524 1146 2604 quibus

139 2604 266 2684 quisque
280 2611 407 2686 poterat,
420 2604 516 2683 elatis,
537 2622 629 2684 quum
642 2599 744 2666 larem
756 2627 791 2665 ae
812 2611 937 2686 penates
949 2611 1100 2684 tactaque,
1112 2605 1145 2664 irs
1232 2636 1234 2675 ;

139 2681 248 2764 quibus
260 2691 350 2746 natus
373 2685 500 2766 quisque
521 2685 726 2765 educatusque
747 2695 835 2755 esset,
855 2685 1061 2764 relinquentes
1082 2685 1144 2745 exi·
1232 2682 1234 2745 ἔ

139 2770 225 2837 rent3
255 2769 319 2848 jam
341 2766 497 2827 continens
517 2783 623 2848 agmen
654 2765 844 2846 migrantium
864 2764 1041 2846 impleverat
1060 2765 1146 2836 rias3
1232 2804 1234 2825 .

108 2895 114 2904 ,
138 2850 170 2906 et
190 2852 368 2926 conspectus
387 2846 516 2906 aliorum
533 2851 638 2908 mutua
658 2843 847 2906 miseratione
867 2845 1036 2926 integrabat
1055 2845 1144 2905 lacri-
1232 2876 1233 2883 κ

139 2939 224 2996 mas:
244 2945 393 3006 uocesque
413 2926 502 2988 etiam
515 2921 698 2986 miserabiles
713 2925 966 2997 exaudiebantur3
986 2925 1145 2985 mulierum
1232 2944 1234 2953 ¹

138 3005 300 3102 praecipui,
311 2999 403 3086 quum
424 3010 543 3068 obsessa
563 3009 599 3068 ab
613 3006 734 3068 armatis
747 3007 861 3087 templa
880 3011 1144 3095 augrrstapraeter-
1232 3014 1234 3092 j

139 3091 227 3157 lrent,
241 3103 276 3146 ac
297 3087 381 3148 velut
408 3091 509 3169 captus
529 3085 734 3166 relinquerent
754 3089 844 3146 Deos,
883 3084 1019 3165 Egressus
1038 3085 1144 3162 urbem
1232 3114 1234 3157 t

138 3167 274 3236 Albanis,
295 3165 448 3230 Romanus
468 3168 578 3249 passim
598 3167 718 3247 publica
738 3165 912 3245 privataque
941 3161 1040 3222 omnia
1060 3169 1142 3225 tecta

139 3246 280 3326 adaequat
307 3249 382 3318 solo,
413 3268 551 3326 unaque
580 3243 651 3306 hora
702 3244 964 3325 uadringentorum
977 3321 984 3336 ·
997 3263 1142 3305 annorum

139 3348 157 3387 ο
178 3345 224 3395 us,
244 3327 350 3407 quibus
372 3327 450 3388 Alba
464 3333 596 3395 steterat,
617 3325 684 3385 cxci
705 3324 733 3386 ὀ
753 3329 788 3384 at
808 3323 903 3384 ruinis
916 3322 1009 3384 dedit.
1050 3324 1141 3384 Tem⁴
1232 3364 1234 3407 i

139 3348 197 3488 plis
218 3411 320 3469 tamen
333 3409 431 3470 Deum
447 3407 501 3490 (ita
511 3406 599 3468 enim
621 3405 753 3467 edictum
767 3400 804 3466 ab
819 3425 890 3486 rege
903 3404 1012 3485 suerat)
1025 3409 1141 3485 tempe-

139 3493 304 3548 ratumest.
334 3509 335 3516 ¹
1232 3524 1234 3557 ÷

179 3567 275 3628 XXX.
296 3561 391 3630 Roma
404 3561 524 3627 interim
537 3563 646 3628 crescit
666 3566 754 3626 Albae
775 3564 888 3635 ruinisa
907 3560 1078 3645 duplicatur
1098 3562 1138 3622 ci·
1232 3594 1234 3639 4

140 3643 221 3708 vium
241 3667 391 3708 numerus.
433 3645 548 3708 Coelius
568 3644 690 3708 additur
710 3645 775 3706 urbi
797 3665 879 3707 nicus
891 3664 900 3714 ;
934 3652 974 3714 et,
985 3654 1066 3722 quo·
1081 3640 1139 3733 ire·
1232 3714 1234 3731 Ι

141 3727 282 3808 quentids
304 3727 494 3797 habitaretur,
527 3747 593 3788 eam
612 3725 715 3786 sedem
736 3725 845 3810 Tullus
863 3723 954 3806 regiae
977 3722 1064 3802 capit,
1085 3723 1141 3781 rbr·
1232 3738 1234 3787 3

143 3827 201 3886 que
213 3807 366 3874 habitarit.
406 3806 562 3887 Principes
583 3805 766 3867 ‚urbanorum
785 3804 816 3863 iu
837 3804 950 3872 Patres,
963 3809 997 3862 ut
1018 3821 1051 3859 ea
1067 3821 1135 3881 qun
1232 3866 1234 3879 Ι
