2634 4392
557 238 760 313 crunam.
1086 245 1137 306 ro
1211 224 1212 237 ¹

105 466 106 469 ,
150 406 217 477 bini,
238 406 352 475 feroces
375 410 413 469 ab
426 429 458 469 re
471 409 570 489 priore
583 429 660 472 anno
680 412 755 481 bene
768 412 861 490 gesta,
880 398 1027 472 lacessere
1049 411 1140 487 atqua
1211 410 1212 461 ἶ

149 486 265 557 instare,
277 487 447 571 rogitantes,
461 488 567 566 “Quid
581 490 728 552 latrocinii
742 489 1049 569 niodoprocursantes
1064 507 1138 567 pau·

148 567 174 625 ci
187 576 432 650 recurrentesque
446 576 579 630 tererent
592 577 720 650 ternpus,
741 576 778 630 et
791 570 822 635 in
836 570 930 629 multa
943 569 1049 649 proelia
1069 587 1138 648 par-

147 667 239 727 vaque
253 656 410 729 carperent
423 652 567 709 summani
579 647 669 711 unius
685 649 777 711 belli?
817 648 896 725 Quin
917 649 963 709 illi
976 647 1137 731 congrede-

147 726 247 787 rentur
258 727 333 806 acie,
345 727 608 809 inclinandamque
617 730 713 789 semel
724 728 852 790 fortunae
867 748 929 789 rem
944 729 1051 791 darent
1061 729 1097 787 ?”

181 807 282 867 LXII.
303 808 352 867 Ad
364 808 405 877 id,
418 810 503 888 quon,
514 816 569 876 sua
583 828 690 889 sponre
704 808 777 871 satis
799 809 960 871 collectum·
972 810 1139 870 animorum

146 892 213 955 crat,
237 887 415 969 indignitate
429 889 518 949 etiam
544 888 671 963 Romani
691 890 939 956 accendebantur.
978 900 996 951 ‘f
1007 890 1073 949 lam
1093 885 1138 947 al-

145 972 236 1027 terum
252 968 417 1041 exercitum
437 969 582 1036 victorem
600 969 631 1028 in
652 971 757 1031 urbern
777 970 961 1038 rediturum
982 968 1036 1029 sibi
1058 966 1137 1025 ultro

143 1065 192 1125 per
201 1048 398 1118 contumelias
411 1048 526 1109 hostem
540 1045 705 1128 insultare:
726 1049 957 1127 quando'autem
970 1060 1012 1117 se,
1026 1047 1052 1109 si
1072 1053 1146 1105 tum¹

143 1144 196 1185 non
205 1126 278 1197 sint,
288 1128 374 1208 pares
387 1128 520 1191 hostibus
531 1126 594 1189 fore
605 1129 640 1188 ?”
665 1188 672 1207 ,,
682 1128 742 1199 Ubi
755 1128 822 1189 h'aec
832 1128 960 1189 fremere
970 1127 1094 1208 militem
1104 1125 1137 1184 in
1211 1134 1212 1137 ’

144 1206 360 1280 castrisccnsal
372 1208 476 1279 sensit,
490 1207 632 1270 concione
646 1206 803 1279 advocata,
822 1219 840 1279 f‘
850 1206 1139 1286 Quemadmodum,”
1211 1216 1212 1237 ³

142 1283 246 1365 inquit,
271 1288 332 1347 “in
352 1288 393 1349 Al
414 1288 463 1348 'do
483 1309 531 1349 res
551 1288 710 1371 gestasit,
725 1288 850 1359 arbitror
870 1308 933 1358 vos,
954 1287 1073 1354 milites,
1085 1304 1138 1345 au·

143 1362 241 1428 disses
260 1367 380 1444 qualem
412 1368 485 1429 iberi
505 1366 901 1460 populioxercitumdecuit
914 1386 989 1439 esse,
1010 1364 1140 1428 talisfu-
1211 1410 1212 1415 η

141 1440 182 1513 it;
204 1446 345 1505 consultu
370 1447 502 1529 college,
527 1453 640 1509 virtute
666 1447 794 1509 militurn
820 1446 945 1511 victoria
971 1451 1057 1529 parta
1083 1451 1139 1507 est

142 1522 228 1595 Quod
249 1524 288 1584 ad
307 1546 356 1590 rna
375 1526 494 1597 attinet,
516 1527 552 1587 id
570 1526 691 1591 consilii
715 1527 806 1587 animi
828 1548 866 1589 ue
886 1526 1041 1589 habiturus
1061 1544 1138 1595 sum,

142 1602 218 1681 quod
246 1614 299 1663 voa
326 1605 399 1666 mini
418 1607 596 1677 effeceritis3
616 1615 648 1667 et
673 1606 751 1669 trahi
777 1548 889 1669 beilum
913 1606 1079 1681 salubriter,
1094 1609 1141 1696 ..et

141 1684 253 1743 nature
275 1684 381 1763 pertici
402 1692 507 1763 potest.
549 1686 582 1745 Si
600 1686 780 1749 trahendum
800 1692 856 1755 ast,
882 1706 945 1767 ego,
962 1692 1001 1747 ut
1020 1685 1052 1745 in
1073 1683 1139 1745 dies

143 1780 207 1841 spes
221 1762 376 1841 virtusque
396 1758 496 1841 restra
510 1771 636 1835 crescat,
656 1764 773 1835 eadem,
787 1772 848 1845 qut
860 1764 988 1834 institui,
1003 1762 1138 1845 discipli·

142 1848 177 1901 nt
191 1841 342 1906 efficiam
368 1843 476 1923 Sijana
490 1845 666 1928 satisanimi
680 1852 738 1914 est,
750 1845 931 1925 decernique
946 1845 1055 1926 placet,
1075 1843 1137 1936 agi·

141 1921 264 1991 tadum,
279 1922 451 1995 clamorem,
463 1924 582 2003 qualem
592 1925 624 1988 in
637 1917 702 1987 acie
716 1925 861 1987 sublaturi
875 1925 957 2007 estis,
971 1924 1065 1987 tollite
1079 1924 1138 1995 hic,

139 1997 269 2061 indicem
289 2002 452 2063 voluntatis
471 1998 650 2083 virtutisque
664 2006 806 2067 vestraec’'
848 2005 1008 2091 Postquam
1023 2003 1138 2087 ingenti
1206 2058 1208 2063 ,

139 2080 294 2140 alacritate
309 2081 420 2151 clamor
428 2088 476 2141 est
487 2084 633 2155 sublatus,
658 2084 765 2163 “quod
779 2085 854 2147 bene
867 2092 973 2157 vertat,
983 2096 1143 2167 gesturum¹
1211 2112 1212 2117 ¹

140 2176 169 2218 se
189 2157 254 2219 illis
268 2173 388 2232 morem,
411 2166 589 2240 posteroque
600 2162 659 2223 die
679 2162 710 2221 in
723 2161 818 2224 aciem
833 2165 1064 2234 deducturum‚”
1091 2166 1138 2229 af·

140 2237 246 2297 firmat.
287 2237 449 2317 Reliquum
462 2240 523 2301 diei
542 2242 720 2323 apparandis
741 2243 833 2303 armis
853 2252 1060 2330 consumptum
1081 2252 1137 2311 esc

140 2315 263 2378 Postero
275 2316 325 2378 die
346 2318 433 2379 simul
446 2320 554 2381 instrui
571 2322 732 2385 Romanam
747 2322 840 2386 aciem
856 2324 955 2387 Sabini
971 2324 1081 2394 videre,
1105 2333 1137 2389 et
1211 2356 1212 2359 ¹

141 2396 203 2475 ipsi,
212 2398 279 2478 jam
292 2396 408 2477 pridem
420 2398 501 2463 avidi
515 2402 696 2471 certaminis,
710 2402 884 2483 procedunt.
926 2404 1070 2470 Proelium
1089 2405 1137 2465 fu·

141 2474 170 2543 it,
193 2477 284 2556 quale
304 2476 383 2537 inter
397 2478 525 2540 fidentes
538 2481 659 2552 sibimet¹
669 2484 753 2542 ambo
767 2482 925 2555 exercitus,
945 2484 1055 2545 veteris
1068 2504 1138 2564 per·

141 2563 298 2637 petuaeqne
312 2558 565 2639 alterurn'gloriae,
587 2562 715 2623 alterurn
728 2566 832 2642 'nuper'
844 2563 1060 2627 novavictoria
1072 2565 1137 2637 cla·
1211 2574 1212 2609 3

141 2639 208 2697 tum.
250 2636 386 2698 Consilio
411 2639 501 2699 etiam
525 2638 642 2701 Sabinis
667 2638 745 2701 vires
768 2644 927 2723 adjuvere3
948 2664 1017 2708 nam
1043 2664 1137 2723 quum
1211 2672 1212 2695 κ

145 2722 315 2794 aequassent
328 2718 432 2790 aciem,
453 2719 513 2780 dno
526 2728 613 2780 extra
625 2720 757 2783 ordinem
780 2723 882 2793 millia,
909 2744 978 2803 qnze
994 2722 1024 2799 in
1049 2724 1143 2787 sinis·'
1211 2734 1212 2771 ἓ

145 2797 218 2855 trum
239 2816 333 2856 cornu
356 2797 554 2860 Rornanorum
580 2800 646 2865 ini
668 2821 701 2860 so
725 2803 890 2875 certandae
913 2804 1138 2884 impressionem
1211 2820 1212 2853 ³

142 2872 280 2945 facerent,
300 2884 441 2945 tenuere3
461 2898 531 2954 quae
546 2878 605 2945 ubi,
628 2822 721 2957 iliacis
735 2890 955 2951 extransverso
966 2883 1068 2963 signis,
1082 2882 1137 2953 def
1211 2892 1212 2933 ἱ

142 2959 302 3032 gravabant
323 2956 412 3034 propt
433 2956 668 3019 circumventum
684 2979 796 3027 cornn;
816 2964 931 3040 equites
946 2962 1074 3027 duarum
1092 2966 1136 3027 le·

143 3032 257 3111 monam
282 3033 416 3094 sexcenti
430 3034 544 3097 feresca
558 3037 644 3116 equis
657 3036 809 3108 desiliunt,
822 3041 1055 3122 cedentibusque
1072 3044 1136 3121 jam

144 3114 201 3171 suis
214 3114 369 3192 provolant
390 3114 421 3173 in
435 3114 583 3194 primuma
604 3116 753 3195 simulque
774 3122 804 3177 et
825 3120 901 3180 busti
922 3138 955 3181 se
974 3130 1137 3203 opponunt,-

143 3198 180 3258 et,
204 3199 320 3269 aequato
341 3194 468 3274 primdm
491 3195 631 3275 periculo,
650 3196 765 3276 pudore
778 3198 896 3270 cicinde,
916 3201 1029 3263 animos
1050 3203 1136 3283 pedi·

142 3274 204 3329 tuln
225 3274 403 3333 accendunt.
443 3275 640 3337 verecundiae
663 3288 736 3347 erat,
758 3279 888 3359 equitem
910 3300 963 3341 suo
977 3281 1135 3362 alienoque

143 3357 234 3442 marte
259 3372 410 3433 pugnare:
446 3355 577 3439 peditem
599 3376 638 3420 ne
662 3358 700 3419 ad
718 3360 818 3440 pedes
845 3360 966 3441 quidem
981 3362 1133 3449 'degresso

145 3437 232 3507 equiti
248 3451 347 3508 parem
362 3454 437 3496 csse.

182 3509 296 3577 LXIII·
318 3513 440 3578 Vadunt
459 3514 549 3595 igitur
561 3517 592 3577 in
607 3518 743 3596 proelinm
759 3522 795 3584 ab
809 3540 862 3579 sna
873 3528 956 3601 parte
970 3521 1110 3587 omissum
1123 3546 1134 3601 ς
1196 3544 1212 3581 x

145 3587 290 3676 allecum,
315 3610 352 3651 ea
365 3613 423 3673 quo
437 3606 597 3666 cesserant,
611 3604 770 3674 repetunta
791 3609 1070 3680 nromentoquenon
1086 3624 1133 3665 re·

146 3675 244 3731 strtnta
271 3672 359 3731 morib
382 3693 489 3753 pugna,
514 3676 566 3735 sed
593 3676 754 3737 inclinatur
777 3679 863 3743 etiam
888 3682 1006 3742 Sabino
1030 3702 1132 3751 cornu,
1211 3704 1212 3723 ³

145 3743 341 3830 Equestrian
363 3754 484 3827 ordines
509 3754 640 3833 peditum
662 3766 759 3821 tectus
780 3780 812 3819 se
833 3760 870 3827 ad
893 3780 984 3840 equos
1005 3763 1132 3855 recipitj

105 3866 106 3869 κ
146 3827 305 3895 transvolat
323 3831 395 3900 inda
414 3832 446 3897 in
465 3842 581 3977 pappqrn
594 3836 814 3939 alteramqsuis
836 3840 968 3908 victoriae
982 3860 1132 3925 nuncrasr
