2634 4392
556 312 685 376 cisun
699 309 758 373 111.
952 276 958 281 ’
1093 276 1208 371 rm

156 460 253 545 citum,
273 469 336 536 suis
348 475 439 537 etiam
452 472 540 535 rebus
553 470 747 553 recuperatis,
769 490 844 551 quer
859 468 1050 552 populatione
1064 489 1149 553 agro·

156 575 216 615 rum
233 554 363 617 'aruisse’¹
377 560 471 625 eraut,
495 554 653 615 reducunt.
693 550 890 634 Triumphum
911 550 1059 633 nosipsos
1080 572 1148 632 pos-

156 635 271 706 tutasse,
298 656 355 695 uec
377 636 510 697 delatum
530 634 569 695 iis
588 637 625 694 ab
646 642 762 704 senatu,
789 631 923 713 occipio:
943 653 999 694 uec
1019 632 1149 693 traditur
1208 618 1209 661 l

154 734 240 777 cause
260 715 353 797 spreti
366 723 419 777 ant
431 712 756 797 nonsperatibouoris.
796 712 823 773 Ε
844 734 860 771 o
880 720 1023 793 quantum
1037 712 1069 775 ic
1083 720 1149 773 bur·

153 800 181 855 to
191 796 350 856 intervallo
363 793 680 878 temporumconjicio,
701 813 792 873 quum
815 732 934 853 llalerio
947 800 1037 877 atquc
1051 793 1151 853 Hora-

153 874 387 945 tioconsuliuus,
411 876 463 956 qui
478 884 586 956 praeter
606 874 732 937 Volscos
753 880 785 935 et
798 872 915 953 AEquos
937 874 1038 934 Sabini
1058 874 1150 935 etiem
1195 908 1198 913 ·

153 955 219 1016 belli
234 951 362 1037 perfecti
373 956 499 1037 gloriam
512 962 701 1037 pepererant,
727 960 853 1035 negatus
873 956 909 1013 ab
923 960 1029 1013 senatu
1044 953 1148 1013 triurn-

152 1034 224 1117 phus
237 1043 333 1107 esset,-
356 1036 546 1097 verecundiae
567 1027 625 1095 fuit
645 1054 699 1115 pro
721 1041 804 1115 parte
822 1032 948 1098 dimidia
967 1052 1064 1095 rerum
1078 1052 1149 1093 con·

153 1113 262 1177 sulubus
277 1119 379 1200 peter'e
393 1116 593 1197 triumphomt
614 1133 652 1174 nc
667 1112 766 1182 etiarn,
780 1112 1035 1195 siionpetrtsseut,
1057 1114 1149 1195 magis

150 1192 301 1257 bominum
313 1195 501 1291 ratioquim
515 1194 698 1262 meritorum,
715 1192 815 1254 hobrta
829 1192 988 1253 videretur.

188 1276 302 1337 Lxxu.
323 1277 484 1341 Victoriam
493 1277 659 1347 honestam,
666 1294 708 1337 ,ex
717 1272 849 1335 hostibus
857 1282 982 1353 partem,
995 1281 1083 1354 turpe
1094 1273 1149 1334 do·

150 1355 242 1417 mide
257 1356 365 1419 finibus
379 1357 525 1418 sociorum
544 1354 693 1437 judicium
703 1353 809 1435 populi
822 1350 1009 1413 deformavit.
1049 1352 1149 1415 Arici-

148 1435 178 1495 ui
191 1444 285 1515 atque
301 1434 447 1497 Ardeates
460 1437 498 1496 de
512 1437 646 1527 ambiguo
696 1456 727 1495 ro
740 1454 833 1513 quum
846 1454 928 1516 saepe
941 1433 1019 1495 bello
1033 1441 1148 1496 certis·

148 1522 225 1584 sent,
248 1514 350 1578 multis
362 1514 395 1578 in
408 1517 504 1577 vicem
525 1514 664 1576 cladibus
689 1515 756 1585 essi,
776 1514 910 1595 judicem
929 1514 1071 1596 populum
1087 1514 1147 1589 Ro-

148 1615 269 1656 manurn
284 1616 399 1688 cepere.
439 1597 539 1673 Quum
552 1597 590 1669 ad
605 1615 726 1657 causam
740 1594 883 1655 orandam
896 1594 1057 1664 venissent,
1076 1615 1148 1660 con·

150 1674 218 1738 cilio
231 1678 334 1756 populu
351 1678 366 1735 -l
379 1677 599 1757 magistratibus
613 1677 694 1745 dato,
708 1678 815 1755 magui
827 1675 1017 1737 contentione
1028 1683 1148 1747 ectum

146 1757 269 1836 jureque
283 1755 372 1816 editis
385 1755 522 1821 testibus,
542 1775 635 1835 quum
648 1756 743 1815 tribus
753 1754 861 1824 vocari,
875 1763 907 1815 et
916 1756 1058 1837 populum
1070 1755 1147 1819 inire

150 1836 322 1917 suffragium
335 1844 494 1916 oporteret,
506 1836 658 1917 consurgit
672 1836 705 1895 P.
717 1834 856 1913 Scaptius
870 1835 908 1895 de
922 1836 1017 1915 plebe,
1041 1856 1146 1919 magno
1193 1834 1195 1837 ’

130 1925 241 1975 ,natuz
261 1926 302 1985 et,
316 1929 334 1955 “
343 1916 376 1975 Si
390 1915 492 1985 licet,”
506 1915 614 1995 inquit,
627 1928 645 1951 “
656 1915 805 1983 consules,
819 1914 857 1975 de
871 1916 1022 1997 republica
1035 1916 1146 1989 dicere,

148 2013 247 2055 errare
261 2019 314 2077 ego
326 1997 465 2076 populum
480 1995 511 2055 in
525 1997 581 2056 bac
592 2017 682 2057 causa
691 2016 751 2055 uon
762 1993 900 2075 potiar.''.
930 1994 1038 2069 Quum,
1049 2003 1083 2057 ut
1094 2017 1147 2057 va·

146 2092 229 2143 uum,
248 2094 316 2133 eum
332 2085 473 2156 negarent
485 2074 622 2135 consoles
636 2075 819 2148 audiendum
830 2095 904 2145 esse,
918 2075 1146 2139 vociferantem-

142 2172 217 2237 que,
239 2165 256 2191 ‘⁶
267 2153 350 2233 prodi
365 2153 511 2233 publicam
526 2156 678 2223 causarn,”
693 2156 858 2215 submoveri
867 2156 1037 2234 jussissent,
1051 2156 1144 2217 tribu-

148 2252 202 2292 uus
216 2234 358 2314 appellat.
399 2234 535 2301 Tribuni,
559 2242 593 2293 ut
611 2234 673 2294 ferd
686 2252 802 2313 semper
814 2246 957 2316 reguntur
971 2238 988 2295 i
1009 2237 1145 2297 multitu·

133 2311 137 2319 ’
150 2312 219 2373 diue
233 2314 336 2393 magis,
357 2315 452 2393 qulrn
461 2323 576 2396 reguut,
589 2314 701 2374 dedere
714 2325 751 2374 cu
765 2314 832 2376 'idae
844 2314 986 2375 audiendi
999 2316 1088 2397 plebi,
1101 2322 1145 2387 ut,
1211 2364 1212 2367 ,

149 2412 216 2471 qnae
230 2395 333 2462 vellet,
347 2393 485 2473 Scaptius
498 2393 620 2455 diceret
662 2393 707 2453 lbi
720 2336 796 2463 init,
810 2406 827 2433 “
839 2398 960 2457 Annum
975 2414 1008 2455 se
1023 2396 1145 2459 tertium
1211 2410 1212 2449 l

150 2481 178 2531 et
190 2473 404 2554 octogesimum
418 2493 514 2555 agere,
528 2479 559 2535 et
571 2474 603 2533 in
614 2496 649 2535 co
664 2496 742 2565 agro,
766 2466 806 2535 de*
825 2495 884 2554 quo
899 2475 1005 2557 agitur,
1018 2476 1146 2539 militas·
1211 2474 1212 2519 3

150 2572 260 2621 senon
270 2556 424 2633 juvenem,
436 2553 579 2615 vicesima
582 2555 646 2633 jam
659 2554 809 2635 stipendia
819 2567 991 2626 merentem,
1002 2576 1092 2637 quum
1105 2556 1145 2619 ad
1211 2552 1212 2561 ¹

149 2632 283 2694 Coriolos
297 2633 335 2693 sit
349 2636 500 2695 bellatum.
539 2634 584 2699 uo
598 2654 660 2694 rem
675 2652 709 2695 se
722 2640 870 2697 vetustate
879 2633 1084 2709 obliteratam,
1094 2658 1145 2697 ce·

149 2717 246 2775 terrim
261 2734 323 2774 snm
339 2713 488 2775 memoriae
502 2712 633 2783 infixum,
646 2712 769 2775 all'erre:
790 2732 903 2807 ugrum,
930 2717 1037 2797 dequo
1051 2717 1145 2777 umbi-

149 2794 234 2871 gitur,
256 2793 360 2854 linium
375 2793 598 2854 Coriolanorum
612 2793 716 2865 luisse,
738 2794 904 2887 capitisque
919 2797 1055 2867 Coriolis,
1075 2798 1144 2877 jure

148 2872 214 2934 belli
229 2873 383 2955 publicum
398 2874 497 2953 populi
512 2872 638 2934 Romani
657 2873 780 2935 factum:
814 2876 927 2936 ‘Mirari
948 2894 989 2945 se,
1016 2898 1145 2956 quonum

149 2970 227 3017 more
245 2952 393 3013 Ardeates
408 2951 592 3031 Aricinique,
618 2956 705 3033 cujus
719 2953 782 3035 agri
791 2956 843 3034 Jus
855 2974 1005 3035 uunquam
1020 2976 1145 3036 usurpa·

149 3035 246 3095 verint
267 3030 411 3092 incolumi
436 3030 597 3110 Coriolani
624 3052 666 3101 re,
690 3052 810 3093 eumue
834 3028 979 3115 ipopulo
1001 3036 1146 3109 Romano,

149 3131 237 3189 quem
250 3134 304 3193 pro
316 3112 436 3172 domino
451 3110 585 3191 judicem
610 3110 747 3181 fecerint,
773 3111 990 3193 intercepturos
1015 3124 1146 3197 sperent.

150 3192 209 3252 Sibi
224 3192 363 3274 exiguum
377 3191 448 3253 vitre
463 3202 579 3272 ternpus
594 3210 772 3271 superesse:
787 3212 846 3253 uon
860 3196 992 3273 potuisse
1004 3204 1145 3263 setanion

149 3270 291 3333 inducere
304 3273 334 3334 iu
352 3272 493 3341 animum,
507 3273 588 3351 quin,
602 3292 691 3351 quern
713 3292 816 3353 agrum
832 3274 916 3335 miles
929 3294 983 3357 pro
997 3264 1080 3357 parle
1101 3279 1146 3339 vi·

151 3351 197 3410 rili
210 3353 452 3433 mcuuccpisset,
467 3369 535 3411 euni
548 3371 640 3413 senex
653 3372 772 3431 quoque
787 3373 869 3425 voce,
891 3361 950 3434 qut
961 3360 1022 3415 unt
1037 3366 1145 3439 posset,

151 3431 325 3493 uindicaret.
364 3433 548 3513 Magnopere
562 3452 593 3493 se
605 3432 731 3494 suadere
742 3427 859 3515 populo,
873 3454 911 3496 ne
925 3436 1011 3497 inuti¹
1033 3441 1147 3520 pudore

152 3512 446 3592 suamipseccusam
455 3511 643 3572 damnaret2’
1186 3534 1212 3577 f

190 3591 320 3652 LXXII.
339 3589 486 3651 Consules
497 3612 591 3671 quum
604 3592 761 3673 Scaptium
774 3614 832 3655 uon
846 3594 965 3657 silentio
980 3598 1079 3669 moll,
1093 3600 1150 3663 sed.

153 3686 217 3732 cunr
229 3690 356 3734 assensu
369 3672 469 3742 etiem,
482 3671 579 3732 audiri
599 3672 889 3745 animadvertissent,
904 3676 983 3736 Deos
996 3678 1146 3739 homines·

154 3768 209 3827 que
220 3756 372 3812 testantes
382 3750 527 3832 flagitium
541 3751 645 3833 iugens
659 3752 732 3825 lieri,
757 3756 880 3816 Petrum
914 3756 1035 3818 timores
1047 3778 1147 3820 arces·

153 3838 241 3902 sunta
260 3851 329 3893 curu
341 3830 388 3891 his
401 3831 557 3892 circumire
569 3832 711 3903 tribunos,
725 3854 818 3904 orare,
839 3847 856 3873 ‘⁴
898 3836 1085 3915 spessirnun
1098 3839 1145 3901 fa-

154 3908 235 3973 cinus
247 3913 349 3994 pejore
360 3914 495 3997 exemplo
505 3912 697 4053 {ilmitoe'fflt
704 3915 834 3996 judices,
849 3914 882 3977 iu
891 3936 974 3981 suam
987 3938 1051 3982 reru
1062 3920 1145 3983 litem
