2634 4392
587 300 766 376 tranas.
1119 313 1176 366 aar
1224 284 1226 291 ’

181 469 371 562 patriciorum
387 501 395 553 ;
418 481 449 538 et
462 477 497 535 eb
507 473 622 544 revolvi
631 495 705 542 rem,
718 479 753 531 ut
763 476 815 542 aut
827 468 954 550 patricii,
973 474 1025 530 aut
1038 467 1178 548 patricio·

1224 394 1226 447 i

161 609 163 618 ,
179 581 244 622 rum
270 559 393 620 asseclae
423 555 548 616 habendi
561 554 671 614 tribuni
686 552 780 633 plebis
793 552 876 610 sint:
896 549 970 629 eripi
991 560 1121 608 sacratas
1134 549 1178 606 le·
1224 602 1225 605 ,

179 661 244 722 goa,
258 639 427 716 extorqueri
441 635 627 696 tribuniciam
642 640 841 714 potestatem:
865 630 902 688 id‘
920 629 1024 688 fraude
1039 627 1179 707 patricio·
1224 666 1225 669 η

178 741 246 779 rum
277 721 390 777 scelere
428 737 462 776 ac
484 715 651 796 proditione
680 713 861 791 collegarum
886 709 1022 768 factum”
1043 727 1178 788 arguere.

182 801 283 872 Quum
298 798 437 857 arderent
448 795 570 863 invidia,
590 813 650 853 non
666 794 767 872 Patres
782 791 878 857 modb,
900 788 1054 848 sedetiam
1068 785 1180 846 tribuni

181 879 287 958 plebis,
301 877 430 956 cooptati
446 875 563 955 pariter,
586 880 615 933 et
630 873 683 950 qui
697 874 926 950 cooptaverant3
948 875 1011 927 tum
1035 887 1072 925 ex
1087 866 1180 925 colle-

181 959 231 1039 gio
244 968 313 1024 tres,
331 959 362 1014 P.
377 957 528 1019 Curatius,
545 955 588 1012 M.
602 951 750 1018 Metilius,
765 963 796 1010 et
817 950 860 1007 M.
884 947 1047 1013 Minucius,
1069 944 1179 1025 trepidi

183 1057 283 1096 rerum
298 1055 425 1102 warum,
439 1035 469 1094 in
482 1034 617 1114 Sergium
636 1031 867 1112 Virginiumque,
887 1028 994 1110 prioris
1007 1024 1078 1084 anni
1088 1026 1181 1083 tribu-

184 1137 239 1177 nos
253 1115 407 1183 militares,
417 1115 574 1174 incurrunt
588 1134 596 1170 r
616 1112 646 1170 in
663 1131 713 1170 eos
732 1113 768 1168 ab
782 1127 814 1167 se
829 1107 901 1167 iram
915 1106 1011 1186 plebis
1023 1104 1182 1163 invidiam·

185 1196 316 1276 que,die
330 1195 420 1263 dicta,
447 1200 594 1253 avertunt.
627 1203 653 1226 '¹‘
666 1191 778 1263 Quibus
792 1189 938 1256 delectuS,
957 1186 1064 1264 quibus
1086 1183 1182 1243 tribu-

182 1281 259 1343 tum,
286 1273 522 1353 quibus'diutina
544 1271 651 1330 militia
679 1267 940 1348 longinquitasque
963 1265 1033 1324 belli
1055 1263 1095 1322 sit
1115 1283 1182 1342 gra·
1224 1290 1225 1293 ¹

183 1355 241 1421 vis,
269 1355 321 1430 qui
335 1354 421 1412 clade
436 1357 560 1430 accepta
583 1351 621 1410 ad
641 1349 728 1427 Veios
743 1348 873 1412 doleant,
901 1346 951 1423 qui
973 1344 1088 1404 amissis
1109 1344 1182 1402 libe-

182 1433 237 1501 τὶς,
250 1431 399 1498 iratribus,
414 1430 596 1510 propinquis,
610 1429 756 1494 affinibus,
772 1429 909 1506 lugubres
920 1426 1023 1483 domos
1034 1424 1183 1492 habeant-3

183 1513 223 1571 iis
238 1511 348 1590 publici
371 1510 536 1589 privatique
550 1507 661 1568 doloris
675 1507 858 1583 exsequendi
874 1509 926 1584 jus
946 1509 1184 1584 potestatemque

185 1612 225 1652 ex
236 1591 349 1649 duolius
364 1587 459 1647 noxiis
471 1587 616 1664 capitibus
628 1587 729 1644 datam
740 1588 777 1642 ab
791 1587 855 1651 se,”
871 1589 1043 1643 memorant.
1085 1593 1102 1618 “
1111 1582 1184 1639 Om-

184 1671 270 1729 nium
286 1687 414 1743 nataque
435 1669 576 1724 malorum
598 1667 630 1722 in
645 1665 746 1736 Seruio
761 1663 954 1741 Virginioque
978 1681 1083 1722 causas
1096 1680 1183 1720 esse:

159 1817 161 1821 ,
185 1769 245 1808 nec
259 1747 290 1804 id
305 1753 507 1805 accusatorem
524 1744 615 1822 magis¹
636 1736 769 1821 arguere,
795 1743 886 1820 quim
906 1741 994 1801 fateri
1016 1745 1100 1799 reos:
1121 1739 1184 1818 qui,

186 1823 269 1886 nrixii
293 1827 387 1891 ambo,
409 1823 484 1882 alter
499 1843 528 1880 m
550 1823 678 1880 alterum
693 1841 812 1880 causam
827 1820 990 1888 conferant,
1000 1819 1098 1897 fugam
1113 1821 1185 1878 Ser-

186 1905 227 1986 gii
243 1903 404 1984 Virginius,
417 1902 535 1982 Sergius
547 1901 745 1980 proditionem
760 1901 917 1979 increpans
927 1894 1062 1979 Virginii.
1102 1899 1185 1972 Quo·

186 2005 252 2043 rum
268 1985 341 2042 adeo
352 1983 557 2042 incredibilem
571 1981 729 2039 amentiam
743 1980 845 2050 fuisse,
865 1987 899 2038 ut
913 1981 1006 2037 multo
1017 1977 1185 2038 verisimili·
1217 2003 1220 2005 Α

185 2083 224 2121 us
250 2062 297 2129 sit,
321 2068 475 2140 compacto
499 2081 563 2119 eam
579 2080 639 2118 rem
664 2067 694 2118 et
708 2060 856 2118 communi
876 2059 981 2117 fraude
995 2059 1186 2136 patriciorum

187 2147 296 2200 actam.
318 2199 319 2206 χ
339 2143 386 2199 Ab
402 2141 446 2198 liis
468 2146 498 2199 et
510 2139 590 2216 pride
605 2140 707 2199 datum
727 2140 825 2198 locum
840 2139 1015 2216 Vejentibus
1028 2139 1067 2196 ad
1082 2138 1186 2196 incen-

188 2220 288 2280 denda
309 2238 405 2297 opera,
430 2219 499 2279 belli
523 2219 657 2280 trahendi
678 2226 788 2287 caust3
809 2224 840 2276 et
859 2237 940 2275 nunc
961 2217 1121 2295 proditum,
1134 2237 1186 2276 ex·

187 2299 326 2366 ercitum,
350 2299 460 2358 tradita
483 2299 606 2357 Faliscis
628 2299 763 2358 Romana
776 2304 883 2357 castra.
924 2295 1031 2354 Omnia
1051 2297 1127 2364 lieri,
1153 2301 1187 2355 ui

186 2386 384 2438 consenescat
398 2380 435 2437 ad
461 2379 548 2456 Vejos
564 2381 731 2456 juventus:
752 2398 808 2436 nec
832 2378 869 2435 de
883 2377 970 2456 agris,
992 2394 1046 2434 uec
1061 2376 1098 2434 de
1119 2375 1187 2435 aliis
1224 2384 1225 2387 ’

187 2459 351 2518 cornmodis
380 2459 472 2536 plebis
495 2459 571 2518 ferre
593 2459 629 2516 ad
654 2459 795 2536 populum
818 2456 939 2524 tribuni,
957 2454 1187 2546 frequentiaque

185 2542 302 2597 urbana
315 2538 464 2598 celebrare
476 2538 616 2599 actiones,
631 2543 662 2594 et
676 2537 813 2594 resistere
828 2536 1037 2616 conspirationi
1050 2535 1187 2614 patricio·
1224 2530 1225 2563 l

186 2637 253 2676 rum
270 2618 391 2754 possint.
433 2617 644 2695 Praejudicium
665 2617 729 2692 jam
742 2617 780 2673 de
796 2615 853 2674 reis
877 2624 908 2674 et
921 2618 957 2674 ab
971 2621 1086 2682 senatu,
1107 2622 1137 2674 et
1150 2617 1187 2675 ab

185 2717 266 2778 popu
281 2717 297 2753 ο
315 2699 454 2763 Romano,
479 2703 509 2754 et
532 2699 568 2754 ab
583 2696 713 2774 ipsorum
735 2694 856 2774 collegis
875 2695 987 2754 lactum
1011 2715 1098 2764 esse3
1118 2715 1188 2754 nam

187 2784 221 2836 et
241 2776 498 2835 senatusconsulto
517 2795 567 2834 eos
591 2777 628 2834 ab
648 2776 797 2853 republica
811 2782 938 2834 remotos
960 2772 1036 2843 esse,
1057 2781 1088 2833 et
1101 2794 1188 2833 recu·

187 2861 291 2916 santes
318 2855 456 2923 abdicare
473 2876 509 2913 se
533 2855 715 2932 magistratu,
742 2855 896 2912 dictatoris
910 2860 991 2912 metu
1006 2858 1042 2912 ab
1066 2855 1187 2934 collegis

188 2934 336 2994 coercitos
359 2953 446 2992 esse:
468 2940 498 2991 et
508 2935 648 3012 populum
664 2935 830 2992 Rornamm
850 2933 982 2991 tribunos
995 2939 1122 3002 metisse,
1137 2933 1188 3012 qui

183 3013 251 3074 'non
270 3014 369 3072 lilibus
383 3012 595 3071 Decembribus
617 3011 666 3071 die
680 3013 804 3082 solenni,
829 3013 881 3071 sed
904 3013 1053 3091 extemplo
1075 3013 1189 3072 Kalen-

190 3093 239 3154 dis
253 3093 430 3152 Octobribus
453 3092 654 3172 magistratum
680 3092 858 3170 occipe'rent,
879 3091 951 3170 quia
974 3098 1053 3150 stare
1075 3091 1190 3150 diutids

190 3173 365 3250 respublica,
388 3171 435 3230 bis
461 3169 646 3230 manentibus
671 3171 900 3252 inmagistratu,
926 3191 987 3249 non
1000 3177 1108 3250 posset.
1149 3173 1189 3231 at

191 3256 293 3310 tammr
315 3271 375 3318 coa,
398 3256 443 3308 tot
462 3251 586 3329 judiciis
601 3251 752 3310 confossos
777 3253 1063 3330 praedamnatosque,
1087 3250 1190 3310 venire

144 3400 148 3412 ‘
192 3329 232 3389 ad
256 3331 355 3409 populi
366 3330 513 3408 judicium
524 3337 583 3398 aet
606 3329 785 3399 existimare,
798 3330 957 3390 defunctos
970 3351 1002 3389 se
1016 3351 1090 3399 esse,
1101 3333 1190 3408 satis·

217 3429 253 3466 ue
276 3431 431 3488 poenarum
447 3409 575 3479 dedisse,
589 3411 671 3488 quiid
690 3411 804 3469 duobus
818 3412 967 3470 mensibus
979 3410 1069 3469 citios
1082 3406 1191 3491 privati

191 3429 267 3548 iiacti
277 3487 337 3548 sint
351 3508 358 3546 ε
379 3499 476 3570 ne'que
490 3488 667 3569 intelligere,
681 3489 809 3549 nocendi
823 3488 877 3548 sibi
892 3489 1005 3548 diutius
1015 3495 1077 3548 tum
1090 3497 1190 3569 potes-

191 3573 287 3627 tatem
299 3577 527 3645 ereptam'esse,
546 3589 604 3627 non
619 3586 738 3648 poenam
753 3570 910 3650 irrogatam
925 3589 934 3638 ς
955 3568 1066 3647 'quippe
1084 3577 1115 3628 et
1129 3570 1190 3629 col·

192 3647 268 3784 lappis
303 3650 474 3726 abrogatum
497 3648 662 3728 imperium,
696 3651 748 3726 qui
776 3650 856 3709 certi
877 3648 950 3710 nibil
985 3648 1191 3727 deliquissent.

201 3728 228 3786 ll
242 3747 274 3785 os
289 3732 459 3805 repeterent
480 3729 592 3786 animos
604 3729 744 3802 Quirites,
755 3749 830 3808 quos
844 3728 957 3787 recenti
974 3727 1060 3787 clade
1071 3735 1195 3808 accepta

199 3805 381 3874 habuissent,
403 3827 493 3888 quum
508 3807 586 3888 lugav
599 3808 758 3888 trepidum,
779 3809 900 3887 plenum
921 3809 1079 3875 mainerum
1092 3828 1127 3868 ac
1140 3829 1193 3888 pa-

190 3898 262 3948 vore
283 3885 464 3949 incidentem
488 3889 580 3969 portis
608 3887 773 3950 exercitum
797 3887 938 3958 viderint,
961 3909 1021 3949 noo
1040 3888 1189 3953 fortunam
