2634 4392
139 368 209 425 ns
386 413 388 428 .
568 321 729 452 norun
841 461 847 468 θ

91 555 92 588 1
146 523 315 598 mittimur3
345 543 384 588 ne
408 545 444 588 ea
468 525 590 605 quidem
615 527 737 597 scimus,
769 545 842 606 quse
856 545 962 586 omnes
996 526 1147 608 peregrini

91 635 94 658 ·
149 606 238 668 etiam
260 605 382 666 sciunt?
404 608 541 668 consules
562 607 593 666 in
614 608 713 667 locum
735 628 839 688 regom
862 604 1070 680 successisse?
1091 627 1145 669 nec

91 691 92 698 ’
148 693 199 746 aut
208 685 297 766 juris,
320 693 373 746 aut
385 687 549 767 majestatis
563 686 725 768 quicquam
739 688 855 756 lrabe‘re,
879 687 960 764 quod
980 707 1041 747 non
1055 687 1086 747 in
1100 689 1153 748 rc·'

91 831 95 840 Δ
168 764 231 824 'bus
244 768 312 826 ante
328 765 440 826 fuerit?
480 767 526 826 En
540 787 674 848 unquam
686 767 810 828 creditis
824 763 915 826 fando
926 766 1061 828 auditum
1071 788 1144 838 esse,

91 873 95 916 ’ς
147 786 279 927 §umam
295 844 480 926 Pompilium,
495 848 656 907 nonmodb
671 869 730 909 non
744 846 914 928 patricium,
922 846 982 906 -sed
996 867 1035 907 ne
1050 848 1145 907 civem

147 925 268 1004 quidem
283 927 468 997 Romanurn,¹
484 947 520 988 ex
546 924 654 989 Sabino
680 949 751 1008 agro
763 927 901 995 accitum,
927 927 1029 1008 populi
1047 929 1146 1006 jussu,

91 1063 94 1070 ,
146 1006 285 1066 Patribus
296 1008 483 1084 auctoribus,
500 1009 602 1070 Romae
615 1008 776 1090 regnasse?
817 1007 852 1066 L,
864 1006 973 1068 deinde
983 1007 1144 1086 Tarquini·

146 1083 209 1156 urn',
221 1105 279 1146 non
295 1088 440 1146 Romanae
452 1088 548 1156 modo,
573 1089 626 1147 sed
646 1109 685 1148 ne
699 1086 813 1148 ltalicae
827 1086 1072 1168 quidemgentis,
1085 1087 1142 1147 Ds-

147 1165 253 1237 marati
268 1165 541 1236 Corinthii-filium,
560 1167 687 1228 incolam
702 1167 937 1245 abTarquiniis,
947 1167 1035 1226 *vivis
1049 1166 1145 1227 liberis

148 1246 236 1314 Anci,
251 1267 347 1328 regem
363 1247 498 1306 sactum?
540 1247 603 1308 Ser.
613 1247 746 1309 Tullium
762 1246 929 1328 posthunc,
940 1245 1143 1327 captivi'Cor·
1196 1261 1200 1269 ’

147 1325 289 1386 niculant
313 1331 426 1394 natum,
440 1333 523 1408 patre
544 1327 635 1396 nullo,
656 1336 751 1386 matre
766 1333 863 1395 serve,
883 1327 1013 1407 ingenio,
1037 1327 1151 1389 virtute,

147 1405 270 1486 regnum
284 1406 438 1465 tenuisse?
478 1406 557 1480 Quid
570 1407 658 1476 'enim
681 1407 720 1468 de
740 1407 780 1467 T.
793 1405 883 1466 Tatio
905 1406 1015 1468 Sabino
1039 1406 1145 1476 dicam,

146 1497 235 1563 qu'em
250 1485 316 1566 ipse„
334 1486 491 1554 Romulus·
501 1506 608 1567 parens
622 1486 713 1556 urbis,
728 1487 757 1546 in
773 1485 945 1546 sartonam
961 1487 1048 1568 regni
1061 1507 1144 1548 acce·

146 1565 214 1642 pit?
255 1569 332 1658 Ergo
343 1565 413 1626 dum
427 1567 544 1626 nullum
554 1567 709 1626 fastiditur
718 1586 822 1648 genus,
832 1566 864 1624 in
874 1581 935 1644 quo
945 1565 1078 1626 eniteret
1089 1565 1143 1626 vir·

146 1649 205 1712 tus,
232 1654 327 1705 crevit
346 1645 501 1726 imperium
525 1647 698 1706 Romanurn.
740 1647 891 1706 Poeniteat
903 1652 992 1717 ‘nunc
1004 1655 1071 1706 ‘vos
1085 1647 1143 1727 plc-

147 1726 204 1783 beii
219 1725 361 1796 consulis
384 1731 476 1804 quum
497 1727 623 1806 majores
636 1726 732 1787 nostri
745 1726 876 1786 advenas
888 1744 922 1784 re
988 1746 1049 1785 non
1064 1725 1144 1788 sasti-
1225 1784 1227 1795 ,

148 1803 269 1875 (iterim,
284 1813 315 1865 et
328 1826 366 1873 nc
379 1807 497 1888 regibus
511 1807 632 1884 quidem
646 1805 760 1867 exactis
772 1805 874 1868 clausa
893 1826 930 1864 ur
950 1805 1067 1866 sfuerit
1080 1812 1145 1888 per-
1225 1806 1227 1827 '

147 1883 395 1964 egrinaefvirtuti.
415 1943 416 1946 ,
435 1887 593 1946 Claudiam
619 1887 701 1951 certe
720 1891 851 1966 gentem,
869 1892 946 1978 -posl
959 1905 1042 1966 reges
1058 1906 1146 1946 exoc-

147 1968 204 2040 tos,
215 1984 251 2022 ex
262 1964 383 2024 Sabinis
397 1985 456 2024 non
470 1965 665 2028 intinitatem
678 1965 768 2024 modo
781 1970 959 2045 acecpimus,
976 1964 1033 2025 sed
1054 1965 1147 2026 etiarn

146 2040 179 2102 in
193 2043 382 2124 patriciorum
393 2063 575 2105 numerum·
598 2045 645 2104 Ex
658 2042 853 2126 peregrinone
862 2044 1015 2126 patricius,
1036 2043 1146 2118 deinde
1225 2088 1226 2123 3

149 2124 252 2182 consul
267 2123 343 2184 fiat?
364 2124 439 2184 ciris
453 2125 605 2184 Romanus
625 2124 650 2183 si
665 2124 705 2184 sit
715 2144 755 2200 ex
769 2125 864 2205 plebe,
890 2123 1020 2205 praecisa
1040 2144 1145 2185 consu-

148 2200 229 2262 latus
253 2224 321 2286 spos
343 2203 422 2264 erit?
464 2205 571 2265 Utrum
593 2205 716 2265 tandem
731 2224 791 2265 non
805 2203 956 2268 credimus
975 2203 1043 2263 fieri
1055 2224 1148 2285 posse,
1225 2256 1227 2265 .

147 2288 184 2340 ut
203 2283 248 2344 vir
267 2283 353 2346 fortis
368 2304 402 2345 ac
415 2290 566 2354 sbenuus,
579 2304 655 2365 pace
669 2283 924 2362 belloquebonus’,
938 2304 977 2344 ex
988 2284 1088 2364 plebe,
1107 2284 1146 2344 sit

147 2359 270 2436 Numae,
285 2366 321 2424 L.
335 2362 509 2442 Tarquinio,
524 2367 588 2424 Ser.
602 2363 715 2443 Tullio,
736 2361 865 2423 similis?
906 2365 957 2436 An
981 2384 1031 2436 ne,
1055 2365 1082 2423 si
1100 2363 1146 2432 sit,

148 2443 269 2522 quidem
283 2445 320 2506 ad
335 2445 536 2524 gubernacula
548 2443 720 2524 reipublicae
734 2443 878 2503 accedere
892 2463 961 2503 curn
973 2443 1147 2524 patiemur?

148 2521 307 2603 potibsque
321 2523 507 2592 decemviris,
527 2523 689 2584 teterrimis
702 2521 880 2592 mortalium,
894 2523 946 2601 qui
966 2530 1032 2583 turn
1046 2542 1148 2600 omnes

148 2622 186 2686 erp
201 2603 337 2680 Patribus
351 2609 444 2673 erant,
457 2603 547 2682 quim
563 2603 683 2684 optimis
696 2623 800 2684 regum
813 2602 1089 2677 novishominibus‚
1109 2603 1148 2663 si-

148 2681 234 2758 miles
248 2683 386 2742 consules
401 2702 503 2743 sumus
516 2682 642 2744 habituri
658 2684 671 2741 i
932 2703 936 2706 ’

190 2759 244 2821 IV.
266 2763 336 2822 “At
348 2761 428 2822 'onim
449 2783 536 2824 nemo
556 2769 624 2842 post
636 2767 858 2844 reges-exactos
882 2763 921 2822 de
934 2763 1021 2844 plebe
1044 2763 1149 2842 copsul

150 2840 216 2901 luit.
256 2842 335 2916 Quid
357 2843 483 2921 postea?
523 2841 656 2904 Nullane
683 2861 732 2902 res
740 2862 823 2902 ‘nova
844 2843 964 2902 institui
978 2843 1090 2904 debet?
1111 2850 1149 2911 ct,

143 2921 228 3002 *quod
251 2922 383 2982 nondum
404 2921 582 2989 estfactum
607 2922 713 3003 (multa
732 2923 811 2982 enim
825 2924 957 2983 nondum
980 2929 1051 2983 sont
1071 2922 1151 2983 sacta

151 3001 273 3063 innovo
287 3002 406 3084 populo)
429 3021 474 3072 eu,
497 3022 536 3062 ne
557 3001 582 3063 si
595 3001 682 3063 utilia
694 3001 815 3082 quidem
830 3003 900 3073 sint,
922 3001 988 3084 fieri
1008 3002 1151 3083 oportet?

151 3082 323 3153 Pontifices,
344 3101 479 3165 augures,
502 3081 630 3142 Romulo
645 3090 798 3164 regnante,
811 3084 889 3142 nulli
902 3089 1011 3152 erant;
1032 3085 1070 3142 ab
1083 3083 1150 3152 Nu·

151 3181 200 3222 ma
215 3162 360 3244 Pompilio
381 3161 579 3236 creati‘sunt3
600 3182 709 3222 census
735 3162 767 3222 in
788 3162 909 3222 civitate
936 3168 968 3221 et
988 3162 1089 3222 deson
1110 3160 1151 3222 tio

153 3243 353 3313 centuriarum
368 3242 566 3322 classiumque
580 3261 638 3314 non
653 3247 740 3311 erat3
761 3243 797 3302 ab
818 3241 882 3300 Ser.
896 3241 999 3300 Tullio
1021 3248 1070 3301 est
1089 3183 1152 3302 iac·

152 3327 207 3389 ta.v
254 3322 402 3384 Consules
429 3343 579 3402 nunquam
604 3321 743 3391 inerant3
774 3320 892 3401 regibus
916 3322 1031 3402 exactis
1058 3320 1154 3382 creati

152 3406 233 3462 sunt.
272 3403 435 3464 Dictatoris
449 3421 505 3462 nec
518 3402 674 3482 imperium
687 3421 743 3460 nec
754 3421 862 3472 nomen
873 3402 991 3470 fluerat}
1004 3401 1086 3482 apud
1097 3421 1150 3482 pa·

152 3491 213 3542 tres
235 3502 301 3542 esse
316 3483 418 3562 coepit.
456 3479 583 3543 Tribuni
605 3479 848 3561 plebis,‡aedilcs,
871 3487 1049 3560 quaestores,
1075 3480 1154 3540 nulli

153 3569 258 3633 erent;
278 3562 447 3624 institutum
462 3569 518 3631 est,
530 3569 564 3622 ut
577 3561 693 3624 fierent.
733 3561 924 3621 Decemviros
947 3560 1063 3642 legibus
1077 3559 1154 3619 scri·

107 3639 110 3646 '
153 3643 258 3701 bendis
273 3637 350 3704 intra
363 3643 467 3702 decern
488 3643 540 3702 bos
554 3661 647 3702 annos
669 3646 700 3700 et
713 3640 887 3709 creavimus,
910 3645 942 3700 et
962 3642 977 3698 ὲ
998 3640 1155 3720 republica

154 3721 338 3782 sustulimus.
379 3722 453 3796 Quis
467 3721 594 3791 dubitat,
607 3719 690 3800 quin,
703 3718 736 3779 in
744 3727 887 3782 oetcrnum
899 3722 971 3780 urbe
985 3718 1109 3780 condita
1120 3719 1155 3779 in

153 3800 330 3861 immensum
342 3809 508 3876 crescente,
518 3820 594 3860 nova
607 3801 646 3860 im
670 3801 741 3869 cria,
752 3799 929 3868 sacerdotia,
937 3801 1005 3880 jura
1015 3798 1157 3879 gentium

153 3877 361 3960 bominumque
374 3880 594 3944 instituantur?
667 3899 701 3939 oc
715 3879 822 3959 ipsum,
834 3898 874 3938 ne
888 3879 1076 3946 connubium,
1093 3879 1154 3938 Pa-

154 3955 244 4036 tribus
260 3959 427 4042 complebo
441 3969 530 4028 esset,
553 3977 614 4020 non
638 3957 800 4020 decemviri
814 3957 960 4020 'tulerunt
979 3957 1084 4039 paucis
1106 3957 1156 4021 luis
