2634 4392
173 249 237 359 'rso
591 294 630 355 a.
644 292 752 354 mvn

173 475 209 515 ro
232 473 335 533 campe
355 452 490 533 adeptus,
513 458 599 535 parte
618 452 752 516 victoriae
773 450 891 523 fruitur,
911 451 1032 516 territos
1053 452 1173 513 caedes·-

174 534 223 594 do.
262 535 377 613 Magna
400 532 482 592 etin
505 534 610 592 castris
631 540 662 592 et
683 540 767 591 extra
780 532 962 591 munimenta
983 532 1086 593 caedes
1100 532 1173 613 sugi-

175 615 287 673 entinm
307 613 374 682 fuit,
395 613 447 673 sed
469 614 568 693 praeda
592 616 686 692 major
697 632 706 682 ;
726 612 808 689 'quia
832 610 882 671 vix
900 632 984 679 anna
1009 630 1113 671 secum
1134 612 1175 671 es·

174 693 252 752 fene
265 694 360 752 bostis
373 693 489 772 potuit;
509 693 687 772 deletusque
702 691 849 751 exercitus
864 690 949 761 soret,
972 691 1005 750 ni
1025 690 1173 773 fugientes

174 772 258 831 silum
270 772 426 832 texissent.
595 848 597 852 Ι
668 828 671 841 ,
750 810 759 820 ι
1009 804 1020 812 ν

182 902 189 906 .
216 852 435 911 attalianum
459 851 497 911 ad
519 851 645 911 Antium
664 852 730 911 haec
757 856 910 930 geruntur,
936 848 1174 929 interim'AEqui,

173 934 277 991 robore
293 929 463 1011 juventutis
482 931 647 1009 premisso,
669 950 767 1003 arcem
791 930 993 999 Tusculanam
1014 930 1173 1011 improvisi)

173 1021 263 1071 noete
277 1012 419 1091 capiunt:
438 1013 555 1089 reliquo
569 1010 699 1077 exercitu
713 1011 794 1085 baud
814 1012 918 1090 procul
934 1008 1080 1072 menibus
1095 1010 1173 1068 Tus·

175 1091 235 1150 culi
257 1090 426 1161 considunt,
446 1097 481 1149 ut
501 1090 708 1151 distenderent
727 1088 854 1151 hostium
875 1089 984 1170 copias.
1027 1090 1105 1147 Haec
1125 1108 1172 1147 ce-

174 1170 280 1232 leriter·
299 1169 441 1240 llbmam,
459 1173 495 1230 ab
516 1171 666 1231 Romaiu
689 1176 787 1229 castra
810 1172 937 1229 Antium
981 1166 1085 1236 erlata,
1112 1188 1171 1227 mo-

173 1258 247 1309 uent
273 1251 422 1311 Romanos
446 1250 524 1309 haud
552 1270 647 1318 secus,
676 1250 767 1328 quim
780 1272 781 1275 ¹
795 1248 821 1307 si
849 1190 1032 1327 Capitolium
1055 1254 1170 1337 captum

174 1328 387 1400 nunciaretur3
408 1330 484 1390 adab
508 1336 538 1389 et
551 1348 655 1389 recens
680 1336 744 1389 erat
764 1328 1006 1389 Tusculanorum
1027 1338 1170 1395 arentum,

173 1416 205 1468 et
226 1409 388 1469 similitudo
407 1409 471 1489 ipsa
484 1408 611 1488 periculi
628 1428 785 1489 reposcere
807 1408 910 1471 datum
925 1407 1072 1467 auxilium
1091 1406 1168 1467 vide·

174 1491 270 1547 batur.
319 1489 435 1556 Fabius,
458 1488 576 1547 caussis
596 1488 740 1558 omnibus,
767 1488 900 1568 praedam
921 1508 958 1547 ex
979 1487 1088 1547 castris
1108 1506 1168 1565 rap·

172 1566 227 1626 tiru
242 1568 368 1629 Antium
382 1567 529 1633 convehit.
568 1568 615 1627 lbi
629 1567 744 1627 modico
757 1567 900 1647 praesidio
913 1566 1027 1637 relicto,
1050 1566 1166 1627 citatum

172 1667 277 1727 agmen
291 1648 459 1707 Tusculum
472 1647 570 1727 rapit3
591 1648 664 1708 nihil
679 1656 788 1737 praeter
802 1666 892 1715 arma,
906 1652 937 1705 et
950 1646 1030 1724 quod
1045 1645 1123 1705 cocti
1132 1643 1166 1705 ad

172 1746 293 1786 manum
312 1726 370 1787 fuit
384 1728 451 1797 cibi,
474 1726 553 1787 ferre
568 1727 763 1787 m1l1t1r1cuit.
804 1727 1008 1789 Commeatum
1028 1728 1066 1785 ab
1079 1726 1167 1785 Minu

173 1805 278 1866 consul
299 1808 457 1867 Cornelius
478 1806 623 1866 subvehit.
664 1807 788 1885 Aliquot
803 1826 920 1869 menses
934 1806 1059 1865 Tusculi
1080 1805 1166 1865 bella·

171 1894 255 1955 tum3
276 1893 361 1965 parte
380 1885 531 1951 exereitus
545 1886 648 1945 consul
664 1894 763 1949 castra
775 1881 944 1963 AEquorum
964 1886 1166 1963 oppugnabam

160 1973 287 2045 partem
312 1964 494 2026 Tusculanis
516 1964 642 2025 dederat
661 1965 700 2025 ad
724 1984 824 2024 arcem
845 1963 1085 2045 recuperandam.
1135 1961 1167 2021 Vi

152 2063 326 2123 ¹nunquam
346 2046 383 2103 eb
406 2042 505 2104 subiri‘
518 2044 613 2122 potuit
624 2064 633 2114 ;
659 2044 754 2105 fames
777 2047 926 2123 postremb
951 2042 1021 2105 inde
1042 2041 1167 2103 detraxit

172 2123 297 2186 hostem.
337 2125 404 2198 Qub
430 2130 586 2204 postquam
612 2130 736 2185 ventum
758 2124 796 2183 ad
823 2118 986 2197 extremum
1011 2128 1067 2190 est,
1093 2121 1166 2181 incr·

171 2224 235 2263 mes
259 2204 393 2282 nudique
414 2222 517 2263 omnes
537 2204 591 2261 sub
607 2204 717 2282 jugum·
734 2205 776 2265 ab·
794 2202 975 2264 Tusculanis
989 2202 1089 2273 missi3
1110 2202 1168 2269 bos,

169 2282 366 2363 ignominiosa
387 2284 460 2363 fuga
487 2282 605 2341 domum
627 2303 659 2341 se
682 2280 869 2363 recipientes,
894 2282 1045 2341 Romanus
1067 2281 1165 2341 consul

161 2362 205 2426 in
226 2364 337 2445 Algido
361 2369 552 2434 consecutus,
575 2362 613 2420 ad
629 2381 720 2423 unum
735 2381 836 2421 omnes
850 2360 971 2422 occidit.
1010 2360 1114 2421 Victor
1133 2358 1168 2419 ad

171 2441 318 2503 Columen
340 2442 383 2522 (id
403 2443 470 2502 loco
483 2460 590 2500 nonuen
605 2442 662 2521 est)
688 2441 821 2501 exercitu
842 2440 948 2499 relicto
964 2450 1063 2501 castm
1083 2441 1166 2499 locat.

170 2523 211 2582 Et
233 2523 310 2583 alter
333 2522 448 2590 consul,
474 2525 631 2601 postquam
654 2521 801 2583 rnoenibus
820 2520 884 2599 jam
908 2520 1061 2591 Romanis,
1084 2520 1166 2599 pulso

170 2601 265 2670 hoste,
289 2600 456 2682 periculum
469 2620 536 2661 esse
556 2598 695 2669 desierat,
717 2605 747 2659 et
767 2600 832 2679 ipsa
846 2595 882 2659 ab
902 2599 997 2659 Romu
1010 2598 1167 2677 profectus.

170 2681 219 2741 Ita
232 2680 367 2741 bifariam
387 2682 527 2751 consules
545 2680 670 2761 ingressi
692 2678 820 2738 hostium
833 2679 917 2746 fines,
939 2678 1054 2759 ingenti
1076 2685 1166 2739 certa·

169 2760 250 2819 mine
274 2761 343 2819 hinc
363 2761 500 2829 Volscos,
523 2758 592 2819 hinc
615 2762 731 2835 AEquos
753 2758 942 2838 populantur.
982 2758 1097 2817 Eodem
1117 2777 1167 2819 aa·

168 2859 208 2899 no
229 2841 362 2904 descisse
383 2840 564 2909 Antiates,a
584 2837 625 2897 ud
639 2838 798 2917 plerosque
812 2843 948 2897 auctores
961 2835 1092 2897 invenio.
1131 2836 1164 2895 L.

170 2920 343 2980 Cornelium
371 2918 523 2980 consulem
549 2857 584 2979 id
601 2918 713 2979 bellum
737 2918 874 2998 gessisse,
900 2916 1101 2998 oppidumque
1122 2934 1167 2975 ce·

164 3000 260 3080 pisse.
273 3007 388 3060 certum
401 2999 558 3068 affinnare,
580 2998 651 3077 quia
666 2998 748 3059 nulla
761 2996 840 3080 apud
854 2996 1031 3059 vetustiores
1046 2995 1168 3079 scriptu·

169 3100 217 3140 res
232 3082 296 3158 eius
311 3079 354 3140 rei
364 3080 476 3140 mentio
489 3087 545 3149 est,
558 3100 619 3139 non
633 3078 736 3139 ausim.
813 3138 817 3144 ,

212 3159 325 3218 XXIV.
346 3161 413 3221 Hoc
426 3155 867 3239 belloperlactatribunicium
882 3155 961 3215 domi
982 3156 1094 3216 bellum
1113 3155 1169 3215 Pa·

169 3244 231 3299 aas
251 3239 378 3299 territat.
418 3240 568 3308 Clamant,
588 3237 720 3297 “fraude
741 3235 816 3303 fieri,
838 3236 919 3315 quid
940 3236 1012 3297 foris
1033 3242 1168 3296 teneatur

170 3318 337 3378 exercitus:
357 3319 575 3381 frustrationem
598 3338 662 3376 eum
682 3314 756 3397 legis
769 3316 912 3377 tollendae
928 3336 1002 3385 esse,
1027 3336 1060 3377 se
1081 3315 1170 3377 nihilo

170 3398 271 3459 minus
285 3420 347 3457 rem
360 3395 530 3480 susceptam
550 3397 752 3479 peracturos.’'
794 3394 928 3455 Obtinuit
942 3388 1042 3456 tainen
1058 3398 1092 3455 P.
1106 3396 1167 3458 Lu·

109 3535 113 3542 ,
171 3475 282 3537 cretius
302 3479 461 3560 preelectus
486 3477 575 3546 urbis,
602 3484 636 3536 ut
656 3476 788 3537 actiones
816 3475 983 3537 tribuniciae
1005 3476 1036 3536 in
1058 3476 1167 3536 adven·

171 3564 236 3617 turn
251 3559 406 3617 consulum
421 3558 618 3619 differrentur.
642 3625 644 3628 ¹
657 3558 731 3616 Erat
754 3562 785 3617 et
798 3576 874 3617 nova
888 3562 989 3615 exorta
1003 3576 1093 3616 causa
1108 3576 1168 3615 mo·

167 3643 228 3697 tos
269 3642 307 3696 A.
328 3638 485 3697 Cornelius
507 3643 538 3695 et
557 3636 594 3711 Q.
608 3636 752 3697 Servilius
776 3644 942 3715 questores
969 3636 1014 3695 M.
1034 3635 1164 3705 Volscio,

169 3718 251 3793 qubd
275 3716 366 3777 falsus
386 3716 463 3776 haud
485 3716 573 3775 dubie
593 3716 679 3778 testis
694 3714 724 3775 in
743 3716 903 3777 Kaesonem
926 3716 1098 3783 exstitisset,
1123 3714 1167 3776 di-

169 3813 216 3851 em
231 3797 388 3868 dixerant;
409 3795 510 3857 multis
524 3795 603 3855 enim
617 3798 774 3859 emanabat
783 3795 910 3866 indiciis,
935 3814 1031 3873 neque
1045 3792 1168 3855 frabent

170 3870 293 3947 Valerii,
304 3897 342 3936 ex
355 3897 415 3971 quo
424 3876 518 3939 semel
529 3875 622 3943 fuerit
633 3898 722 3963 aeger,
745 3896 877 3957 unquam
889 3896 949 3939 non
963 3874 1051 3939 mado
1071 3873 1168 3937 uisum
