2634 4392
182 291 225 358 ts
458 362 464 371 ,
608 289 768 355 entur

183 450 322 512 dseuutu
334 449 486 530 petebant.
498 453 534 510 ut
546 456 600 511 sut
624 449 781 514 mitterent
793 451 968 524 subsidium,
979 458 1037 516 sut
1051 471 1085 516 se
1104 452 1176 534 ipsus

181 528 360 592 mendorum
380 528 486 590 finium
498 536 588 592 usust
604 551 713 612 capere
727 553 809 596 erma
831 535 972 596 sinerent.
1014 533 1125 594 Tutius
1138 535 1175 596 vi·

180 629 248 670 eum
259 617 318 680 est,
330 607 453 670 defendi
472 609 600 672 inermes
614 613 750 682 hbuos,
769 615 861 696 quim
877 614 937 696 pati
958 622 1122 674 retrectare
1135 635 1177 674 ar·
1208 665 1211 669 .

180 709 239 752 mu.
291 689 435 750 Vetusius
456 691 559 752 consul
580 694 688 753 missus
708 701 776 766 est;
810 694 836 756 is
856 695 924 756 linis
943 694 1176 776 populationibus

178 770 247 832 tuit.
287 769 414 832 cessere
427 771 523 850 AEqui
536 772 669 854 campis:
702 773 951 858 locoquemugis,
972 776 1064 852 qutm
1085 775 1176 845 armis,

179 850 259 920 freti,
273 849 397 912 summis
409 871 442 912 se
463 852 546 934 jugis
565 853 711 914 montium
733 859 918 918 tutabantur.
959 855 1050 916 Alter
1071 855 1177 924 consul,

179 929 212 992 in
225 930 352 995 Volscos
372 928 542 1023 proiectus,'
561 952 600 1016 ne
620 933 736 1015 etipse
751 942 861 996 tereret
881 943 1010 1016 tempus,
1030 934 1176 996 vastandis

179 1007 305 1072 maximi·
320 1031 399 1092 agne
411 1011 527 1072 bostem
539 1013 578 1074 sd
593 1013 775 1076 conferendo
789 1015 909 1097 propids
923 1025 1025 1077 'eastra
1038 1014 1177 1076 dimican-

178 1090 311 1170 dumque
325 1091 390 1152 aeie
403 1091 523 1152 excivit.
565 1093 669 1154 Medio
682 1092 761 1154 inter
775 1105 872 1156 castre
885 1117 1004 1176 campo,
1014 1101 1084 1156 ante
1098 1113 1176 1156 suum

178 1172 308 1251 quisque
321 1171 444 1242 vallum,
456 1171 576 1253 infestis
589 1173 681 1253 signis
693 1177 873 1246 constitere;
906 1175 1102 1239 multitudine
1128 1173 1176 1233 ali·

178 1253 326 1330 quantem
342 1252 444 1312 Volsci
456 1256 645 1332 superabant.
701 1253 807 1334 ltaque
828 1254 917 1316 effusi
937 1267 969 1316 et
991 1254 1175 1336 contemptim

177 1350 309 1412 pugnam
322 1329 426 1390 iniere.
466 1332 579 1392 Consul
597 1334 748 1392 Romanus
763 1355 818 1395 nec
844 1335 993 1418 promovit
1009 1335 1114 1404 aciem,
1128 1353 1174 1392 neo

179 1410 338 1470 elamorem
352 1410 439 1471 reddi
452 1431 567 1492 passus,
576 1411 684 1471 defixis
695 1415 765 1492 pilis
779 1423 858 1476 stare
870 1436 939 1477 suos
948 1417 1044 1496 jussit
1057 1437 1065 1474 ε
1087 1414 1133 1474 ubi
1143 1411 1174 1472 ad

177 1511 298 1550 manum
313 1490 443 1550 venisset
457 1491 560 1560 bostis,
581 1500 643 1552 tum
666 1504 782 1555 coortos
796 1505 858 1558 toti
881 1497 911 1557 vi
931 1497 1042 1578 gladiis
1056 1515 1118 1554 rem
1130 1513 1173 1573 ge·

176 1589 253 1631 rere.
294 1570 406 1640 Volsci,
420 1592 510 1636 cursu
524 1581 556 1632 et
570 1573 699 1634 elamore
714 1575 793 1644 lessi,
808 1597 899 1656 quum
914 1596 946 1636 se
960 1577 1046 1636 velut
1060 1583 1173 1654 stupen-

177 1650 258 1711 tibus
278 1663 358 1710 metu
381 1650 554 1713 intulissent
587 1653 739 1722 Ronranis,
771 1665 927 1736 postquam
957 1655 1173 1737 impressionem
1213 1699 1214 1722 q

178 1749 298 1790 sensere
312 1751 349 1790 ex
369 1732 496 1804 adverso
516 1731 635 1803 factam,
663 1741 694 1792 et
714 1745 783 1794 ante
802 1737 906 1796 oculos
927 1736 1038 1796 micare
1059 1735 1173 1816 gladios,
1213 1727 1214 1758 ³

176 1809 256 1870 baud
276 1814 477 1890 secusquim
491 1813 561 1871 siin
582 1813 707 1874 insidias
728 1815 914 1884 incidissent,
926 1817 1039 1875 turbati
1061 1817 1173 1874 vertunt
1213 1829 1214 1834 ¹

175 1896 260 1969 terga
271 1911 281 1959 3
302 1900 333 1950 et
348 1912 383 1950 ne
393 1893 430 1950 ad
442 1893 541 1966 fugam
553 1893 675 1970 quidem
690 1893 763 1956 setis
775 1894 881 1954 virium
893 1896 957 1962 fuit,
970 1896 1041 1972 quia
1051 1913 1140 1952 cursu
1149 1892 1173 1950 in

175 1968 315 2048 proelium
326 1970 431 2030 ierant.
474 1972 600 2031 lwrnani
614 1974 729 2042 eontrl,
743 1972 813 2052 quin
827 1973 971 2064 principio
992 1991 1102 2052 pugnae
1116 1969 1173 2050 qui·

176 2049 219 2108 eti
230 2057 386 2119 steterant,
396 2048 535 2132 uigentes
549 2052 714 2132 coporibus,
727 2053 815 2112 facile
830 2053 930 2134 adeptu
944 2053 1051 2120 fessoS,
1066 2063 1097 2112 et
1117 2069 1173 2110 oss·

176 2135 224 2189 tra
237 2128 348 2209 impetu
364 2137 517 2210 ceperunt,
532 2139 572 2200 et,
586 2131 693 2192 castris
706 2141 829 2192 exutum
841 2133 954 2192 bostem
969 2131 1102 2191 Velitras
1117 2149 1173 2210 per·

176 2209 282 2280 secuti,
296 2229 356 2270 uno
384 2212 500 2291 agmine
521 2212 650 2271 victores
665 2227 733 2272 cutn
753 2213 843 2275 victis
855 2213 888 2272 in
902 2217 1006 2274 urbem
1026 2211 1172 2290 irrupere;

175 2288 304 2371 plusque
331 2290 371 2349 ibi
399 2291 560 2372 sunguiniS,
581 2293 749 2370 promiscue
771 2291 903 2350 omnium
943 2311 1069 2362 enerum
1090 2288 1171 2374 cede,

175 2370 266 2447 quim
280 2370 311 2427 in
326 2368 392 2449 ipsa
411 2370 611 2437 dimicatione,
636 2370 751 2428 tactum
762 2389 771 2438 ;
791 2369 896 2450 paucis
917 2314 989 2430 dats
1009 2368 1171 2446 venia,qu1

174 2447 304 2510 inermes
317 2447 347 2506 in
362 2447 544 2508 deditionem
557 2456 713 2508 venerunt.

214 2529 328 2590 XXXI.
350 2527 431 2586 Dum
450 2528 515 2586 baec
536 2548 567 2586 m
589 2527 711 2608 Volscis
729 2536 885 2610 geruntur,
899 2529 1030 2592 dictator
1045 2527 1170 2593 Sabinos.

173 2607 224 2667 ubi
240 2607 325 2688 longe
340 2606 498 2687 plurimum
511 2609 582 2668 belli
602 2607 711 2678 fuerat,
740 2607 848 2680 fundit,
862 2609 1017 2690 fugatque,
1038 2609 1169 2686 exuitque

175 2687 291 2748 eastris.
352 2687 496 2766 Equitetu
526 2688 660 2749 immisso
692 2690 822 2750 medium
853 2685 1026 2752 turbaverat
1050 2688 1168 2750 bostium

174 2767 279 2835 eciem,
299 2773 371 2846 qut,
391 2768 463 2828 dum
484 2788 517 2827 se
530 2789 641 2829 cornua
653 2767 746 2828 latius
767 2769 913 2851 pandunt,
923 2791 1042 2850 iptorum,
1053 2775 1120 2848 apte
1130 2766 1169 2823 in·
1214 2833 1215 2836 Ἴ

173 2851 302 2908 trorsum
315 2846 467 2906 ordinibus
480 2847 576 2908 aoie'm
596 2849 809 2920 firmaverant3
829 2852 963 2912 turbatos
984 2851 1077 2930 pedes
1096 2847 1170 2906 iuva·
1214 2853 1215 2904 l

173 2925 235 2997 sit;
254 2927 364 2988 eodem·
379 2926 493 3008 impetu
507 2936 605 2989 eastra
633 2937 730 3010 cepta,
751 2930 996 3010 debellatumque
1010 2936 1067 2992 est.
1107 2923 1169 2984 Post
1214 2951 1215 2960 κ

174 3027 305 3088 pugnum
324 3008 362 3067 ad
378 3007 529 3089 Regillum
549 3009 650 3079 laeum
669 3010 803 3072 nonalia
824 3009 885 3071 illie
899 3011 986 3072 anuis
998 3027 1101 3090 pugna
1116 3003 1169 3063 cla·

173 3086 234 3148 rior
247 3087 323 3158 fuit;
364 3088 493 3148 dictator
506 3089 691 3170 triumphans
705 3093 807 3152 urbem
822 3089 980 3150 invehitur.
1021 3089 1117 3167 Super
1129 3100 1167 3142 so·
1214 3143 1215 3158 q

173 3166 244 3227 litos
270 3168 395 3228 bonores
417 3169 500 3230 loeus
520 3169 552 3231 iu
574 3171 654 3232 circo
675 3169 732 3250 ipsi
752 3168 939 3261 posterisque
960 3167 998 3230 ud
1020 3175 1168 3262 spectacu-

173 3245 237 3307 lum
247 3247 361 3320 dutus;
382 3249 457 3309 sells
476 3249 509 3310 in
529 3270 564 3311 eo
586 3251 652 3310 loeo
666 3249 777 3308 eurulis
796 3248 903 3328 posita.
943 3247 1062 3309 Volscus
1077 3241 1168 3332 devie·

172 3325 213 3388 tis
228 3327 402 3388 Veliternus
415 3349 486 3410 eger
498 3330 673 3410 ademptus:
694 3328 826 3388 Velitras
840 3327 938 3390 ooloni
958 3331 994 3390 ab
1008 3329 1080 3390 urbe
1107 3339 1168 3384 mus-

153 3405 200 3489 si
220 3413 252 3468 et
272 3407 390 3468 colonia
409 3408 553 3470 deducta.
606 3409 683 3468 Cum
700 3408 811 3488 AEquis
832 3415 901 3489 post
921 3409 1077 3502 aliquanto
1103 3421 1168 3486 pug·

173 3494 278 3549 nutum
288 3495 344 3558 est,
358 3488 453 3555 invito
465 3490 586 3570 quidem
607 3488 742 3558 consule,
755 3489 827 3570 quin
846 3488 913 3550 loeo
933 3485 1035 3568 iniquo
1050 3490 1167 3550 subeun-

173 3567 246 3628 dum
261 3574 325 3629 erat
345 3567 385 3630 ad
405 3569 524 3632 hostest
544 3567 598 3632 sed
612 3568 733 3639 milites,
754 3569 869 3631 extrabi
892 3589 953 3630 rem
974 3569 1168 3630 criminantes.

174 3655 209 3707 ut
234 3648 371 3717 dictator,
392 3649 564 3730 priusquam
584 3650 643 3731 ipsi
663 3650 797 3712 redirent
816 3649 846 3710 iu
868 3652 981 3720 urbem,
1002 3648 1167 3730 magistratu

173 3727 277 3798 abiret,
310 3728 464 3811 irritaque,
483 3730 563 3791 siout
581 3730 651 3800 ante
673 3730 815 3800 consulis,
835 3729 980 3812 promissa
1000 3731 1064 3809 ejus
1085 3721 1168 3784 eade·

173 3814 249 3877 tent.
261 3809 427 3901 perpulere,
446 3809 570 3879 attone
589 3818 703 3876 temere
727 3809 916 3882 inadversos
936 3813 1050 3876 montes
1069 3815 1167 3888 agust
