2634 4392
528 324 730 397 omnent.
858 286 898 361 ·'
1067 332 1124 430 nr

129 490 160 559 ln
179 490 307 579 publico,
328 491 441 557 sedne
462 492 659 556 assurrexisse
680 486 802 575 quidem
827 514 864 558 ex
883 494 994 565 morbo,
1016 492 1127 557 multo-
1218 528 1219 547 i

133 597 253 657 rumque
268 579 335 639 tabe
344 577 495 637 'mensium
509 586 654 635 mortuum
668 596 675 633 ε
697 596 754 651 nec
765 576 809 635 bis
818 575 1046 655 temporibus,in
1058 590 1127 657 quos

132 659 213 717 testis
241 657 355 717 crimen
382 656 569 737 conjecisset,
596 655 756 715 Kaesonem
780 656 885 717 Romae
905 656 1019 715 visumr
1048 658 1127 717 affir-

1217 362 1219 455 l

132 737 286 805 nantibus,
307 737 359 815 qui
383 740 443 794 oni
457 742 635 804 meruerant,
657 754 758 795 secum
774 756 841 794 eum
856 740 919 793 tum
941 734 1127 814 frequentem
1219 766 1220 813 g

131 818 265 897 adsigna
279 831 343 876 stne
356 816 419 875 ullo
428 823 593 875 commeatu
607 814 721 884 fuisse3
742 815 774 876 nl
793 817 836 875 ita
855 822 945 885 esset,
966 815 1052 874 multi
1066 815 1128 896 pri-
1219 824 1220 835 ¹

132 899 216 955 ratim
229 897 367 957 ferebant
380 896 501 954 Volscio
510 895 638 974 judices.
680 896 777 981 Quum
799 894 836 954 ed
847 894 996 974 judicium
1010 894 1054 955 ire
1067 913 1128 955 non

134 974 262 1046 auderet,
284 995 385 1035 omnes
405 995 450 1035 eae
473 995 530 1043 reo,
550 970 579 1033 in
601 994 692 1035 unum
707 982 913 1113 corppruentes,
935 975 1014 1035 haud
1035 974 1129 1055 magis
1219 990 1220 993 ’

133 1055 248 1115 dubiam
262 1055 485 1117 damnationem
498 1054 621 1126 Volscii‚
645 1055 735 1133 quim
783 1054 889 1114 aesonis
909 1053 1030 1113 Volscio
1049 1062 1129 1113 teste

134 1134 234 1204 fureret,
255 1135 413 1195 faciebant
455 1134 491 1193 ln
511 1152 593 1192 moro
606 1134 718 1193 tribuni
732 1140 827 1201 erant,
841 1130 892 1213 qui
907 1133 1026 1194 comitia
1039 1152 1130 1212 ques·

133 1219 207 1273 tores
219 1216 327 1275 habere
340 1217 379 1274 de
392 1235 451 1283 reo,
472 1213 530 1273 nisi
545 1213 628 1294 priris
641 1212 743 1274 habita
756 1214 793 1273 de
807 1214 877 1294 lege
893 1218 1002 1281 essent,
1026 1232 1131 1292 passu·
1220 1215 1221 1221 ’

133 1313 176 1352 ms
197 1297 365 1373 negabant3
385 1294 428 1354 ita
448 1300 584 1353 extracto
602 1298 729 1373 utraque
744 1312 792 1353 res
806 1293 836 1351 in
848 1293 1003 1353 consulum
1017 1292 1130 1352 adven·

134 1378 193 1431 tum
215 1383 273 1433 est.
313 1373 371 1447 Qui
390 1375 441 1432 ubi
461 1373 677 1465 triumphantes
700 1373 813 1432 victore
837 1394 905 1432 cum
927 1372 1057 1432 exercitu
1079 1392 1130 1433 ur·

133 1453 195 1511 bem
209 1452 352 1520 mierum,
375 1454 445 1532 quia
465 1453 616 1513 silentium
630 1454 668 1511 de
684 1453 748 1535 lege
762 1458 835 1521 erat,
856 1453 1010 1533 perculsos
1024 1473 1053 1512 m
1064 1471 1132 1531 »gna

133 1548 197 1609 pars
219 1532 381 1592 credebant
403 1533 545 1592 tribunos.
587 1533 630 1591 At
653 1531 699 1590 illi
728 1532 850 1611 (etenim
871 1544 1035 1592 extromum
1057 1527 1130 1591 anni

132 1612 189 1689 jorn
219 1612 294 1693 erat)
323 1619 460 1691 quartum
475 1610 651 1671 allectantes
666 1611 859 1680 tribunatum,
885 1613 917 1670 in
945 1612 1130 1672 comitiorum

134 1690 375 1771 disceptationem
399 1695 436 1749 ab
450 1692 514 1769 lege
536 1697 685 1749 certamen
701 1698 887 1759 everterant3
909 1698 940 1749 et
953 1712 1045 1768 quum
1060 1710 1131 1749 con·

135 1771 211 1829 soles
240 1770 331 1829 nihilo
359 1769 459 1844 minuis
491 1769 635 1827 advorsus
667 1768 919 1829 continuationem
952 1771 1131 1838 tribunatius,

135 1852 219 1924 quim
244 1850 340 1908 silex
365 1848 532 1907 minuendae
555 1868 618 1907 suae
644 1848 808 1929 maJ'estatis
833 1854 923 1909 causei
947 1850 1133 1930 promulgata

134 1926 268 1997 ferretur,
282 1920 490 1996 tetendissent,
512 1928 636 1988 victoria
649 1928 820 1988 certaminis
831 1949 923 2009 penes
937 1929 1069 1989 tn'bunos
1084 1928 1132 1989 sue

135 2006 165 2066 it.
205 2010 320 2067 Eodem
341 2008 540 2086 annoAEquis
561 2029 617 2087 pax
639 2014 687 2067 est
700 2007 869 2088 potentibus
883 2010 963 2069 data.
990 2010 1132 2079 uersus,

135 2085 178 2147 r'es
197 2088 297 2168 priore
311 2102 390 2145 anno
403 2087 549 2153 inchoare,
574 2088 744 2165 prerficitur:
765 2088 856 2165 idque
877 2090 1002 2149 lustrum
1024 2092 1060 2149 ab
1074 2089 1133 2149 ori·

135 2165 198 2245 gine
213 2166 296 2225 urbis
317 2166 465 2225 decimum
478 2166 648 2241 conditum.
689 2167 822 2229 Fuerunt
843 2188 932 2227 censa
954 2168 1063 2227 civium
1084 2189 1134 2228 on·

135 2244 193 2323 pita
229 2254 351 2305 eentum
387 2244 598 2321 septemdecim
635 2239 730 2303 millia
754 2252 888 2305 trecenta
918 2248 1133 2309 novemdecim.
1222 2268 1223 2275 ¹

137 2324 299 2385 Consulum
321 2345 427 2405 magna
448 2324 527 2382 domi
548 2323 678 2402 bellique
699 2346 734 2384 eo
754 2345 832 2384 anno
852 2326 945 2406 gloria¹
958 2326 1033 2398 suit3
1053 2329 1134 2407 quod

136 2411 163 2462 et
175 2404 247 2465 loris
264 2425 365 2483 pacem
381 2404 533 2485 peperero,
552 2412 583 2463 et
603 2404 692 2474 domi,
717 2414 749 2465 et
762 2405 787 2465 si
801 2426 860 2465 non
879 2425 1012 2477 concors,
1035 2408 1134 2469 minus
1222 2480 1223 2487 ἵ

139 2489 246 2554 lamen,
260 2486 351 2562 qu*m
366 2475 450 2553 blijs,
464 2485 574 2543 infesto
588 2485 694 2544 civitas
707 2484 773 2545 suit.

173 2566 270 2624 XXV.
293 2565 328 2622 L.
344 2563 497 2623 Minucius
510 2565 580 2624 mde
591 2573 622 2623 et
632 2566 668 2623 C.
682 2564 812 2625 Nautius
826 2563 964 2627 consules
978 2564 1049 2627 facti
1059 2567 1135 2629 duas

136 2646 273 2704 residuas
288 2643 358 2703 anni
373 2645 478 2723 prioris
493 2664 597 2703 causas
609 2649 800 2724 exceperunt.
840 2647 953 2707 Eodem
963 2648 1049 2706 inodo
1064 2669 1137 2709 con·

141 2726 216 2783 eules
231 2727 338 2805 legem,
364 2722 472 2783 tribuni
489 2718 636 2803 judicium
653 2724 692 2783 de
708 2724 827 2785 Volscio
841 2726 1060 2806 irnpedicbuntr
1082 2726 1135 2789 sed

140 2798 167 2859 in
180 2804 381 2882 quaestoribus
395 2804 480 2863 novis
494 2802 652 2884 majoriis,
665 2806 759 2885 major
770 2808 930 2867 auctoritas
944 2813 1017 2866 erat.
1058 2808 1137 2868 Cum

141 2880 182 2939 M.
205 2884 334 2951 Valerio,
362 2883 470 2942 Valerii
487 2883 560 2951 filio,
576 2884 690 2943 ‘Volesi
720 2893 834 3021 nepote,
859 2898 992 2965 quaestor
1013 2896 1076 2953 orat
1097 2888 1143 2946 Tc

142 2961 296 3035 Quinctius
318 2963 514 3040 Capitolinus,
538 2962 587 3041 qui
609 2971 656 3021 ter
671 2976 761 3023 consu
789 2966 894 3024 luerat.
936 2967 976 3033 Is,
998 2966 1158 3045 quoniam·

141 3042 396 3121 nequeQuinotire
416 3042 535 3100 lamilisc
559 3042 661 3110 Kaeso,
683 3062 779 3120 neque
801 3044 971 3123 reipublicae
994 3045 1138 3107 illeximus

138 3120 278 3195 juvenum
293 3121 408 3180 restitui
424 3128 532 3200 posset,
552 3120 661 3179 falsum
676 3128 791 3191 testem,
815 3123 866 3200 qui
888 3124 1024 3183 dicendos
1039 3144 1139 3187 consae

142 3198 259 3259 innoxio
274 3209 449 3282 potestatem
462 3201 631 3269 ademisset,
641 3202 725 3281 justo
739 3222 774 3261 uc
790 3202 825 3281 pi¹
850 3203 928 3261 bollo
943 3206 1139 3282 persequeba-

142 3284 197 3336 tur.
238 3284 333 3353 Quum
356 3280 515 3363 Virginius
531 3281 655 3341 maxime
680 3290 710 3341 et
729 3281 839 3340 tribuni
863 3283 900 3341 de
922 3284 987 3363 lege
1007 3292 1139 3365 agerent,

145 3359 235 3419 duim
249 3362 395 3419 niensium
409 3362 537 3441 spatium
556 3361 728 3421 consulibus
748 3363 849 3421 dotum
866 3371 912 3421 est
925 3364 961 3422 ad
977 3365 1139 3443 inspicien-

144 3436 208 3499 dam
231 3440 347 3521 legemr
367 3448 413 3510 ut,
435 3461 527 3519 quum
542 3440 732 3499 edocuissent
757 3443 906 3521 populum,
930 3444 1002 3519 quid
1026 3444 1139 3505 fraudis

147 3520 270 3579 oculte
285 3519 420 3589 ferretur,
443 3521 578 3580 sinerent
589 3520 698 3579 deinde
719 3522 888 3601 sullingium
902 3522 996 3591 inire3
1016 3524 1071 3583 hoc
1092 3523 1139 3583 in·

147 3600 263 3658 terualli
285 3598 386 3659 datum
408 3622 456 3659 res
477 3599 654 3677 tranquillae
678 3602 707 3660 in
730 3604 801 3659 urbe
816 3602 895 3661 feeit.
936 3604 1003 3662 Nec
1025 3604 1140 3664 diutur-

149 3690 211 3735 nam
224 3677 357 3758 quietem
371 3679 465 3759 AEqul
479 3680 645 3738 dederont:
666 3680 727 3759 qui,
750 3686 837 3761 rupto
856 3682 981 3750 studere,
1003 3684 1081 3754 quod
1098 3684 1140 3753 ic-

149 3757 206 3814 tum
220 3768 284 3818 erat
295 3755 392 3837 priore
406 3779 483 3819 anno
497 3779 562 3817 cum
578 3759 729 3829 Romanis,
751 3760 904 3841 imperium
918 3763 956 3821 ad
972 3762 1141 3825 Gmcrlrum

148 3833 281 3897 Cloelium
303 3836 461 3909 deferunt3
492 3839 517 3897 is
538 3846 600 3897 turn
623 3838 707 3919 long-”2
728 3840 866 3921 princeps
885 3841 916 3899 in
938 3842 1048 3921 AEquis
1069 3852 1143 3907 orob

150 3908 280 3979 Graccho
300 3918 423 3979 ducein
441 3918 630 3980 bennenom
648 3936 762 4001 agrurn,
781 3920 852 3983 iude
872 3922 905 3981 in
925 3922 1142 3997 Tusculanum.
