2634 4392
181 255 240 342 rou
355 305 358 307 Δ
601 278 762 348 norun

173 439 372 509 ribominenr.
384 444 417 500 et
428 433 526 522 virgae
546 441 679 523 expediri
695 445 812 522 jubent.
851 434 1044 513 “Provoca''
1061 433 1161 524 inquit,

142 558 145 559 ν
177 532 197 559 “
206 522 244 580 ad
259 521 430 600 populum,”
453 521 571 592 Volero,
591 534 608 558 ‘⁴
619 523 759 600 quoniam
772 522 883 595 tribuni
896 516 992 582 civem
1004 525 1163 604 Romanum

176 601 209 677 in
225 608 387 680 conspectu
400 620 455 660 suo
468 600 558 682 virgis
569 601 650 662 caedi
663 603 787 672 malunt,
801 603 891 682 quim
912 602 970 684 ipsi
983 603 1014 662 in
1026 603 1105 664 lecto
1117 625 1164 665 suo

178 680 196 740 ai
219 680 301 739 vobis
325 679 467 740 trucidari
477 681 510 751 ;”
557 682 596 739 ud
619 681 749 742 ferocids
773 682 952 752 clamitabat,
973 683 1009 742 ed
1032 683 1163 753 infestids

175 759 427 820 circumscindere
447 768 480 820 et
492 780 545 840 spo
557 760 569 838 ‘⁴
602 761 749 830 elictor„
778 762 857 822 Turn
871 762 990 832 Volero,
1003 771 1035 825 et
1057 784 1162 844 praeva-

174 839 242 899 lens
264 839 336 920 ipse,
349 849 381 900 et
393 840 601 919 adjuvantibus
614 841 778 910 advocatis,
797 841 915 922 repulso
934 842 1049 914 lictore,
1061 844 1109 902 ubi
1123 843 1163 903 iu·

172 919 362 999 dignantium
375 939 428 1000 pro
441 939 473 978 se
486 921 648 980 acerrimus
672 927 737 981 erat
759 922 880 991 clamor,
904 921 939 982 ed
953 942 986 982 se
999 943 1030 982 m
1055 926 1163 998 turbam

176 999 426 1060 confertissimam
438 1000 554 1080 recipit,
567 1001 735 1070 clamitans,
758 1003 925 1071 “Provoco,
948 1002 1084 1062 ctfidem
1107 1003 1163 1084 ple.

174 1079 221 1140 bis
233 1079 358 1160 imploro
370 1101 378 1149 ;
397 1079 509 1140 adeste
523 1081 621 1141 cives!
642 1081 750 1156 adeste
761 1079 997 1142 coormilitoues!
1027 1082 1101 1144 'nihil
1114 1088 1163 1152 est,

173 1161 255 1240 quid
270 1160 448 1240 exspectetis
461 1160 604 1230 tribunos,
627 1161 734 1236 quibus
757 1160 830 1238 ipsis
853 1167 953 1232 uestro
973 1163 1086 1223 auxilio
1098 1181 1162 1242 opus

175 1241 254 1300 est.”
295 1239 445 1300 Concitati
458 1238 601 1306 homines,
620 1237 713 1296 veluti
724 1237 762 1296 ad
777 1237 925 1316 proelium,
945 1256 978 1296 se
989 1240 1162 1320 expediunt:

173 1321 402 1401 apparebatque,
416 1338 502 1376 omne
516 1316 676 1376 discrimen
688 1315 793 1376 adesse
806 1336 815 1386 ;
844 1315 918 1375 nihil
932 1317 1072 1398 cuiquam
1086 1340 1162 1382 sanc·

174 1406 249 1467 tum,
262 1418 321 1458 non
333 1396 444 1477 publici
457 1396 530 1465 fore,
543 1415 603 1469 non
616 1394 725 1477 privati
745 1395 831 1476 juris.
873 1396 954 1457 Huic
978 1403 1075 1461 tautae
1095 1407 1163 1460 tem·

173 1477 284 1561 pestati
306 1497 398 1556 quum
420 1495 452 1535 se
475 1476 615 1535 consules
638 1475 824 1545 obtulissent,
845 1475 933 1537 iaoild
951 1479 1069 1560 experti
1093 1484 1162 1548 suut,

193 1578 276 1618 arum
289 1565 384 1616 tutam
399 1557 583 1636 mmfestatem
604 1555 669 1615 sine
683 1553 794 1615 viribus
807 1575 892 1626 esse3
921 1557 1043 1620 violatis
1057 1559 1160 1622 lictori·

171 1577 237 1707 ius,
257 1636 389 1696 fascibus
402 1635 515 1704 fractis,
528 1635 622 1694 dioro
635 1634 794 1697 incuriam
807 1637 1048 1718 compelluntur3
1072 1640 1160 1700 incer·

169 1717 205 1787 ti,
231 1726 380 1796 quatenus
409 1716 518 1776 Volero
535 1722 695 1776 exerceret
715 1715 879 1777 victoriam.
937 1717 1161 1782 conticescente

169 1797 282 1859 deinde
295 1797 436 1866 tumultu,
449 1817 541 1876 quum
563 1796 595 1854 iu
620 1801 755 1858 senatum
780 1796 880 1860 roc'ari
899 1798 1071 1876 jussissent,
1095 1820 1161 1880 que·

170 1885 278 1938 runtur
288 1876 412 1956 injurias
425 1897 503 1943 suas,
516 1876 576 1934 vim
590 1874 692 1954 plebis,
707 1876 863 1935 Voleronis
876 1877 1041 1936 audaciam.
1084 1879 1161 1942 Mul·

172 1957 212 2017 tis
231 1956 371 2016 ferociter
391 1955 480 2014 dictis
503 1953 670 2023 sententiis,
693 1953 792 2015 vicere
816 1955 956 2025 seniores,
979 1953 1101 2036 quibus,
1122 1960 1162 2019 irt

169 2037 293 2098 Patrum
307 2036 450 2096 adversus
461 2034 658 2095 temeritatem
673 2033 766 2114 plebis
777 2034 895 2106 certari,
909 2055 969 2096 uon
982 2036 1109 2128 placuit.

209 2119 295 2182 LVI.
315 2117 492 2176 Voleronem
506 2115 641 2196 amplexa
664 2115 765 2176 favore
778 2115 862 2196 plebs
875 2115 1016 2196 proximis
1040 2118 1160 2180 comitiis

169 2196 322 2258 tribunum
335 2196 415 2278 plebi
428 2202 511 2257 creat
532 2195 563 2256 in
578 2217 647 2255 eum
669 2209 788 2265 annum,
812 2194 864 2274 qui
889 2197 924 2255 L.
947 2196 1109 2269 Pinarium,
1132 2199 1161 2258 P.

170 2279 294 2339 Furium
316 2277 459 2338 'consules
484 2275 607 2347 habuit;
640 2285 804 2356 contraque
831 2277 961 2336 omnium
988 2277 1160 2357 opinionem.

170 2360 223 2440 qui
248 2379 314 2420 eum
338 2357 481 2418 vexandis
494 2355 600 2437 prioris
613 2354 684 2415 anni
705 2355 873 2422 consulibus
887 2357 1099 2436 permissurum
1113 2356 1159 2417 tri·

167 2442 312 2501 bunatum
333 2437 501 2505 credebaut,
523 2444 591 2516 post
613 2435 762 2517 publicam
781 2455 901 2496 oausam
925 2435 1041 2517 privato
1065 2439 1159 2498 dolore

130 2578 140 2582 -
169 2519 279 2587 habito,
292 2539 330 2578 ne
344 2521 432 2576 verbo
446 2515 566 2594 quidem
580 2515 698 2576 violatis
719 2515 898 2586 consulibus,
912 2517 1094 2599 rogationem
1117 2525 1159 2576 tu·

169 2600 207 2660 lit
226 2599 265 2660 ad
279 2597 430 2678 populum,
443 2602 478 2656 ut
500 2595 610 2676 plebeii
623 2595 813 2678 magistratus
827 2595 946 2675 tributis
971 2597 1099 2674 comitiis
1112 2597 1158 2656 fie-

168 2679 245 2741 rent.
298 2677 388 2736 Haud
414 2697 506 2758 parva
529 2680 577 2735 res
598 2678 654 2735 snb
680 2675 767 2736 titulo
793 2672 889 2755 prims
917 2676 1016 2758 specie
1041 2673 1157 2738 minimi

167 2757 260 2820 atroci
274 2757 423 2816 serebatur
434 2777 444 2826 3
477 2755 530 2814 sed
553 2775 623 2835 quae
643 2753 776 2835 patriciis
789 2775 906 2816 omnem
920 2765 1099 2837 potestatem
1113 2775 1157 2836 per

167 2838 323 2899 clientium
336 2835 475 2916 sulliagia
488 2834 620 2903 creandi,
640 2853 716 2914 quos
729 2834 851 2904 vellent,
870 2836 1004 2897 tribunos
1023 2839 1157 2899 auferret

167 2918 249 2978 Huic
263 2915 382 2984 actioni,
401 2913 579 2996 gratissimos
591 2914 680 2994 plebi,
692 2935 786 2994 quum
810 2923 924 2976 summi
939 2917 969 2977 vi
990 2917 1157 2978 resisterent

166 2999 272 3060 Patres
284 3017 293 3068 ς
326 3017 392 3066 nec,
405 3016 472 3074 que
486 3014 547 3056 una
559 2994 605 3055 vis
619 2995 657 3056 ad
678 2994 878 3057 resistendum
892 2997 969 3066 erat}
986 3004 1020 3058 ut
1033 2995 1155 3058 interce·

167 3081 262 3150 deret,
276 3077 383 3158 aliquis
397 3096 434 3137 ex
448 3074 573 3158 collegio
593 3075 770 3136 auctoritate
783 3083 837 3154 aut
849 3078 1002 3138 consulum
1016 3083 1068 3154 aut
1083 3077 1154 3158 priu-

165 3159 265 3240 cipum
283 3156 393 3218 adduci
406 3163 508 3238 posset
519 3176 528 3227 ;
561 3176 610 3216 res
622 3163 733 3224 tamen
747 3175 800 3214 suo
813 3156 878 3294 ipsa
891 3151 1041 3216 molimine
1054 3155 1155 3238 gravis,

133 3271 137 3278 ·
165 3237 377 3300 certaminibus
390 3237 422 3296 in
435 3256 547 3296 annum
560 3234 734 3295 extrahitur.
774 3235 828 3292 Ple
849 3254 863 3294 s
877 3235 1056 3296 Voleronem
1069 3237 1155 3298 tribu·

164 3339 237 3380 num
255 3317 361 3377 reficit.
402 3319 516 3384 Patres,
529 3315 566 3375 ad
580 3314 717 3374 ultimum
731 3312 930 3376 dimicationis
941 3315 1000 3376 rati
1013 3337 1075 3380 rem
1090 3334 1155 3376 veu-

163 3407 271 3465 turam,
286 3399 345 3477 Ap.
356 3393 628 3474 Claudiumdppii
642 3393 746 3463 filium,
761 3395 819 3455 ‘am
832 3395 903 3457 inde
919 3397 933 3454 i
944 3397 1082 3533 paternis
1096 3412 1154 3456 cer·

163 3477 324 3541 taminibus
347 3475 476 3537 inuisum
507 3473 708 3552 infestumque
739 3475 828 3554 pebi,
852 3494 943 3536 consu
957 3485 1007 3536 eru
1039 3476 1155 3538 faciunt

163 3560 290 3640 collega
303 3557 331 3617 ei
345 3556 384 3614 T.
397 3555 556 3628 Quinctius
570 3554 667 3614 datur.
707 3553 865 3636 Principio·
882 3554 982 3615 statim
1004 3557 1074 3616 anni
1087 3551 1155 3617 nibil

163 3641 256 3721 prids,
270 3637 359 3716 quim
374 3635 412 3694 de
424 3629 500 3714 leg'e,
521 3638 663 3714 agebatur
675 3654 684 3704 ;
715 3636 767 3694 sed
781 3643 816 3694 ut
828 3635 967 3696 inventor
980 3636 1054 3718 legis
1070 3635 1154 3694 Vole-

162 3739 207 3788 ro,
220 3720 263 3778 sic
279 3714 438 3784 Laetorius,
459 3713 573 3795 collega
597 3715 672 3805 ejus,
685 3724 789 3776 auctor
813 3735 903 3793 quum
927 3716 1082 3785 recentior,
1095 3725 1156 3774 tum

162 3798 260 3858 acrior
281 3803 354 3859 erat.
395 3796 538 3856 Ferocem
561 3793 691 3858 faciebat
713 3794 784 3858 belli
805 3795 900 3878 gloria
920 3795 1044 3880 ingruet
1074 3791 1154 3876 quod
1211 3815 1212 3842 u
