2634 4392
707 153 710 157 ν
732 153 922 166 annuam-1,
959 155 965 158 .

507 348 514 362 ,
563 302 693 370 ntnnn
706 302 761 371 tt.
1075 399 1079 410 Ι
1103 304 1163 372 209

95 519 96 528 ‘
153 457 1162 626 trullo?lttttttltlot‘o}nttlll⁰¹zndtltzttlj

155 623 303 687 coloniam
331 622 459 684 Lavicos
486 620 718 691 deducendam
744 618 842 680 coloni
869 621 906 678 ab
926 620 999 678 urbe
1022 618 1106 678 mille
1126 627 1159 678 et

175 702 313 784 ningenti
326 702 410 762 missi
427 701 497 761 bina
506 701 612 782 jugera
623 705 816 793 acceperunt
857 696 962 778 Captis
976 697 1157 777 Lavicis,ac
1182 709 1189 730 ·

151 725 266 845 fleinde
280 781 406 844 tribunis
421 779 547 840 militurn
561 783 712 842 consulari
724 784 883 862 potestate,
902 776 1036 858 Agrippa
1049 778 1158 845 Mene·

151 864 207 924 nio
222 865 348 932 Lanato,
361 867 393 924 et
403 861 443 920 L.
458 859 583 920 Servilio
598 862 730 929 Structo,
754 866 786 921 et
801 868 833 918 ι’.
847 857 988 998 Lucrptm
1002 855 1158 938 Tricipiti-

152 963 205 1012 no,
213 943 324 1004 iterum
335 941 470 1003 omnibus
482 940 538 1010 bis,
557 946 588 1000 et
602 942 652 1021 Sp.
666 940 781 1001 Rutilio
795 940 913 1007 Crasso,
946 944 958 998 t
980 937 1157 1016 insequente

152 1043 235 1086 anno
249 1025 288 1082 A.
303 1024 372 1100 Sem
393 1019 477 1080 eonio
500 1019 640 1080 Atratino
662 1021 796 1089 tertium,
809 1025 842 1080 et
860 1018 976 1095 duobus
988 1016 1095 1077 iterum
1111 1018 1157 1077 M.

150 1101 275 1184 Papirio
289 1043 467 1186 Mugillano,
480 1107 512 1160 et
526 1101 576 1179 Sp.
587 1100 701 1161 Nautio
711 1099 835 1168 Rutilio,
846 1097 1001 1158 biennium
1010 1096 1157 1175 tranquil-

149 1181 193 1243 lae
209 1188 345 1242 externae
359 1178 573 1252 res,discord1a
586 1179 668 1240 domi
679 1199 716 1240 ex
729 1178 852 1260 agrariis
866 1177 982 1258 legibus
995 1175 1062 1236 fuit.
1220 1178 1222 1184 '

193 1261 343 1322 XLVIII.
363 1261 545 1320 Turbatores
567 1259 650 1341 uulgi
662 1266 750 1319 erant
776 1257 876 1338 Spurii
888 1255 1042 1317 Maecilius
1066 1276 1156 1336 quar-

148 1345 222 1401 tum
246 1347 279 1402 et
291 1341 428 1402 Metilim
442 1339 563 1400 tertium
576 1339 688 1403 tribuni
721 1338 807 1408 lebis,
833 1339 919 1400 ambo
940 1338 1077 1399 absentes
1091 1357 1157 1413 cre-

148 1421 198 1480 ati
212 1437 224 1490 3
245 1426 277 1478 et
299 1439 390 1499 quum
403 1418 586 1498 rogationem
599 1360 847 1500 promulgassent,
870 1424 905 1478 ut
917 1437 988 1498 ager
1012 1437 1049 1477 ex
1063 1417 1156 1477 hosti-

144 1507 211 1560 bus
236 1504 342 1578 captus
355 1496 466 1559 viritim
480 1497 675 1568 divideretur,
698 1518 875 1578 magnaeque
898 1497 992 1579 partis
1012 1496 1156 1558 nobilium
1215 1530 1219 1536 ·

147 1598 189 1638 eo
218 1577 375 1658 plebiscito
401 1576 624 1659 publicarentur
649 1578 803 1657 fortunat
851 1578 919 1659 (nec
946 1577 1026 1638 enim
1062 1576 1155 1639 ferme

150 1659 318 1737 quicquam
331 1657 405 1740 agri,
417 1658 575 1718 utinurbe
589 1657 687 1718 alieno
701 1658 763 1717 solo
775 1657 882 1738 posita,
901 1677 961 1716 non
975 1657 1064 1718 annis
1087 1677 1156 1736 par·

149 1743 322 1807 tum'erat3
343 1756 410 1806 nec,
433 1735 514 1816 quod
540 1736 672 1798 venisset
685 1737 906 1818 assignatumre
926 1737 1045 1816 publice
1065 1745 1156 1807 esset,

149 1821 356 1897 praeterquam
370 1817 454 1896 plebs
467 1815 603 1900 habebat)
631 1823 716 1878 atrox
739 1816 818 1897 plebi
832 1815 1028 1896 Patribusque
1048 1837 1152 1899 propo·

149 1895 246 1957 situm
269 1895 426 1957 videbatur
448 1902 622 1958 certamen:
642 1916 700 1956 nee
721 1896 835 1957 tribuni
857 1895 994 1966 militum,
1021 1917 1101 1957 nunc
1122 1899 1154 1958 in

146 1981 269 2045 senatu,
283 1995 363 2036 nunc
376 1975 408 2034 io
422 1975 558 2038 concilim
581 1971 705 2058 privatis
718 1975 886 2068 principum
900 1977 1051 2059 cogendis,
1074 1978 1154 2040 viam

148 2055 271 2115 consilis
293 2053 507 2133 inveniebant;
528 2075 619 2134 quum
646 2059 705 2137 Ap.
719 2057 875 2126 Claudius,
895 2077 987 2138 nepos
1001 2059 1075 2138 ejus,
1099 2060 1152 2138 qui

147 2133 304 2194 decemvir
317 2133 430 2215 legibus
444 2135 608 2196 scribendis
622 2136 728 2208 fuerat,
741 2136 881 2197 minimus
891 2130 963 2197 nitu
978 2156 1016 2198 ex
1030 2139 1152 2218 l'atrum
1225 2144 1226 2147 ’

148 2212 292 2282 concilio,
312 2212 422 2274 dicitur
444 2213 566 2284 dixisse,
590 2225 609 2254 ¹⁶
622 2217 718 2278 Vetus
731 2236 764 2277 se
776 2236 812 2277 ac
836 2215 981 2277 familiare
995 2218 1152 2278 consilium
1190 2236 1193 2241 ⁴

149 2294 244 2352 domo
256 2293 384 2366 all'erre3
403 2313 544 2374 proavum
565 2295 643 2357 enim
658 2316 744 2358 suun
762 2299 817 2378 op.
829 2296 990 2356 Claudium
1003 2291 1153 2357 osteudIs-

151 2393 186 2434 se
202 2373 341 2434 Patribus
367 2373 446 2434 mam
472 2394 562 2436 unam
582 2376 781 2438 dissolvenda
803 2376 971 2438 tribuniciae
995 2377 1153 2458 potestatis

149 2473 207 2532 per
221 2454 403 2535 collegarum
415 2453 669 2529 intercessionem.
709 2455 810 2518 Facile
824 2457 957 2517 homines
975 2475 1067 2516 novos
1082 2477 1153 2516 anc-

151 2531 276 2594 toritate
290 2533 458 2615 principum
472 2536 510 2595 de
533 2537 684 2597 sententia
693 2536 815 2606 deduci,
842 2536 868 2596 si
880 2543 1045 2617 temporum
1059 2536 1153 2596 inter·

147 2612 227 2672 dum
251 2614 360 2692 potids,
393 2633 483 2694 quom
509 2616 684 2697 majestatis,
720 2636 832 2677 memor
858 2617 1032 2677 adhibeatur
1051 2617 1153 2677 oratio.

151 2692 211 2752 Pro
222 2691 341 2752 fortuna
363 2691 424 2754 illis
444 2715 558 2757 ammos
570 2716 661 2768 esse3
682 2696 733 2757 ubi
754 2695 884 2765 rideant,
897 2698 1026 2778 collegas
1040 2697 1151 2777 princi-

149 2790 206 2850 pes
231 2772 355 2852 agendae
377 2774 422 2836 rei
435 2776 561 2856 gratiam
575 2797 690 2837 omnem
714 2776 755 2837 ad
778 2776 894 2857 plebem
915 2785 1151 2857 praeoccnpasse,
1223 2846 1224 2849 Ἴ

149 2867 209 2909 nec
224 2849 323 2908 lecum
343 2851 376 2910 in
399 2873 435 2911 ea
448 2855 587 2914 relictum
607 2856 686 2927 sibi3
704 2855 785 2917 band
804 2859 926 2937 gravate
949 2858 1150 2917 acclinaturos
1223 2884 1224 2893 ¹

146 2949 184 2988 se
198 2928 236 2987 ad
253 2945 371 2986 causam
394 2939 525 3001 senatus,
551 2953 714 3012 perquam
734 2937 874 2996 universo
896 2937 993 3012 ordini
1006 2957 1073 2996 cnm
1089 2937 1150 3016 pri·
1223 2972 1224 3009 3

147 3007 282 3068 moribus
297 3025 329 3066 se
344 3008 465 3069 Petrum
489 3011 682 3072 concilient.”
724 3016 963 3096 Approbantibus
978 3017 1103 3084 cunctis,
1118 3025 1150 3074 et
1223 3016 1224 3019 ’

148 3092 220 3147 ante
235 3105 336 3148 omues
357 3088 393 3161 Q.
415 3088 541 3150 nervine
555 3091 667 3160 Prisco,
693 3094 774 3170 quod
799 3115 863 3154 non
881 3096 1093 3176 degenerasset
1113 3099 1150 3154 ab
1223 3100 1224 3147 ἶ

149 3169 242 3245 stirpe
263 3167 402 3236 Claudia,
430 3169 621 3232 collaudante
630 3191 783 3251 juvenem,
806 3175 958 3254 negotium
980 3173 1078 3243 datur,
1105 3186 1155 3244 ut,-

148 3263 226 3322 quos
239 3245 365 3326 quisque
380 3256 481 3327 posset
500 3269 538 3310 ex
551 3251 677 3332 collegio
691 3251 883 3322 tribunorum,
906 3255 945 3314 ad
959 3253 1148 3315 intercessio·

149 3343 219 3415 nem
235 3325 421 3416 perlicerent.
462 3329 559 3392 Misso
572 3337 688 3402 senatu,
710 3345 888 3411 prensantur
908 3338 944 3393 eb
964 3336 1147 3414 priociplbus

148 3405 259 3494 terbum
276 3424 284 3496 ξ
304 3406 467 3498 suadendo,
487 3412 644 3479 mouendo,
658 3413 894 3492 pollicendoque
910 3422 1026 3491 graturo
1043 3415 1071 3473 id
1085 3415 1146 3476 sin·

147 3489 228 3574 gulis
242 3493 387 3564 pravatrm,
400 3497 517 3566 gratum
531 3509 670 3550 universo
693 3495 809 3553 senatui
834 3497 904 3563 lore,
917 3491 978 3554 'sex
992 3496 1031 3554 ad
1056 3495 1147 3556 inter·

148 3582 314 3624 cessionem
329 3575 548 3646 comparavere.
589 3573 772 3650 Posteroqnn
788 3576 834 3633 die
851 3598 942 3653 quom
969 3598 1005 3636 rr
1028 3598 1146 3645 ‹··r.nno-

149 3641 206 3702 siro
231 3643 357 3703 relatum
378 3647 416 3705 ad
430 3655 566 3708 senatum
579 3659 660 3712 esset
687 3653 723 3711 de
746 3656 900 3724 seditione,
929 3677 1017 3733 quor.
1043 3657 1147 3715 linci-

150 3719 418 3812 linsbletiliusque
434 3728 588 3809 largitione
612 3735 733 3810 pessino
756 3755 848 3794 exem·
863 3738 880 3793 li
905 3757 969 3795 coru
983 3752 1054 3794 neon
1074 3758 1080 3795 ;
1103 3756 1146 3796 :ae

150 3804 329 3862 oratronesl
351 3807 526 3884 primoribus
556 3812 671 3870 Pateor·
690 3816 794 3874 'edeam
811 3834 888 3883 stant,
905 3826 936 3875 ni
953 3840 1003 3895 pro
1019 3844 1049 3874 :r
1065 3839 1148 3877 ‹ens-

148 3897 207 3958 que
215 3883 277 3962 jam
292 3903 348 3944 nec
364 3887 519 3949 consilium
534 3889 590 3950 sibi
605 3913 763 3973 oppetere
788 3896 911 3966 diecret,
937 3918 992 3957 nec
1008 3920 1039 3958 se
1056 3884 1147 3958 ullam

531 3972 585 4031 Sa
