2634 4392
577 279 746 350 uranon
812 259 817 266 ’

511 553 805 634 numinum.
867 529 872 534 “

209 799 500 864 FAOTURUSNE
515 817 613 880 operae
634 798 763 880 pretium
780 795 845 867 sim,
859 796 885 856 si
898 795 1085 876 aprimordio
1096 816 1145 857 ur

87 941 89 960 ι
167 881 213 943 bis
225 903 272 942 res
285 881 387 962 populi
403 879 528 942 Romani
542 878 774 960 perscripserim,
784 898 838 937 nec
853 876 925 937 sutis
938 878 1022 948 scio,
1041 897 1108 946 nec,
1122 877 1148 937 si

87 967 89 1036 t
169 963 272 1032 sciam,
286 961 386 1022 dicere
400 961 495 1022 susim
509 981 516 1018 t
537 960 646 1040 quippe
660 958 722 1038 qui,
736 977 805 1017 cum
818 955 957 1026 veterem,
970 962 1034 1017 tum
1044 958 1148 1039 vulga·

87 1053 89 1072 ⁵
169 1050 231 1102 tam
254 1061 321 1102 esse
334 1061 404 1111 rem,
425 1041 555 1108 videam,
577 1040 648 1098 dum
663 1037 732 1099 novi
745 1058 861 1118 semper
874 1037 932 1098 scri
954 1044 1041 1107 tores,
1055 1038 1152 1098 autin

169 1124 261 1182 robus
274 1121 384 1182 certius
398 1114 512 1200 aliquid
527 1119 671 1180 allaturos
683 1139 725 1187 se,
739 1126 791 1178 aut
809 1059 956 1178 scribendi
970 1128 1033 1178 arte
1047 1118 1152 1178 rudem

168 1208 351 1262 vetustatem
364 1209 563 1281 superaturos,
571 1199 708 1282 credunt.
736 1199 896 1290 Utcunque
907 1197 972 1266 erit,
978 1197 1096 1279 juvabit
1105 1204 1151 1256 ta-

169 1301 249 1351 men,
271 1301 369 1342 rerum
389 1288 539 1363 gestarum
552 1279 711 1340 memoriae
731 1278 826 1358 princi
847 1299 872 1338 rs
885 1286 1029 1338 terrarum
1050 1276 1152 1358 populi

171 1382 223 1441 pro
237 1360 316 1422 virili
329 1368 422 1441 parte,
434 1369 464 1420 et
471 1361 567 1441 ipsum
580 1359 782 1429 consuluisse3
803 1301 846 1428 ei:
856 1358 881 1418 si
892 1359 923 1418 in
934 1358 1085 1422 tantascri
1106 1365 1151 1416 to-

170 1461 236 1500 rum
247 1443 336 1501 turba
347 1461 412 1500 mea
421 1439 498 1500 fama
506 1441 537 1500 in
548 1443 672 1500 obscuro
683 1439 732 1509 sit,
743 1438 894 1499 nobilitate
906 1458 941 1498 ac
949 1379 1152 1520 magnitudine

172 1541 282 1590 corum,
298 1541 363 1580 meo
377 1519 429 1602 qui
439 1519 550 1582 nomini
561 1519 700 1588 officient,
709 1539 756 1598 me
762 1519 906 1580 consoler.
946 1519 1008 1578 Res
1017 1527 1063 1578 est
1073 1538 1151 1598 prae-

171 1607 253 1660 terea
266 1608 298 1660 et
307 1599 444 1660 immensi
454 1599 560 1680 operis,
573 1605 607 1658 ut
615 1619 684 1678 quae
694 1619 785 1692 supra
793 1598 1086 1679 septingentesimum
1097 1618 1150 1658 an-

171 1699 242 1740 num
256 1689 427 1760 repetatur3
447 1689 477 1742 et
501 1699 579 1759 quae,
592 1682 628 1740 ab
642 1679 756 1760 exiguis
774 1679 908 1760 profecta
920 1677 1022 1747 initiis,
1036 1678 1071 1738 ei}
1086 1699 1151 1737 cre-

171 1759 259 1829 verit,
269 1767 303 1820 ut
312 1763 377 1840 jam
392 1759 592 1842 magnitudine
607 1760 720 1820 laboret
738 1779 808 1818 sua:
829 1766 858 1818 et
871 1758 1033 1850 legentium
1046 1758 1151 1838 pleris-

171 1858 241 1918 que,
254 1840 333 1900 haud
348 1840 461 1908 dubito,
472 1839 543 1918 quin
563 1839 666 1919 primae
680 1838 817 1931 origines,
827 1859 1018 1918 proximaque
1032 1837 1152 1977 oriqini-

170 1921 238 1989 bus,
250 1919 349 1980 minus
370 1919 529 2000 praebitura
543 1918 706 2000 voluptatis¹
717 1927 787 1986 sint,
799 1919 1007 1978 festinantibus
1021 1918 1058 1977 ad
1092 1937 1150 1978 mec

170 2019 260 2068 nova,
271 1999 379 2079 quibus
387 2020 461 2138 Bpum
474 1999 587 2079 pridem
604 1998 795 2079 praevulentis
808 1999 909 2091 populi
923 1999 1002 2090 vires
1024 2019 1055 2058 se
1076 1997 1150 2078 ipsse

171 2079 347 2140 conficiunt.
412 2101 449 2161 go
458 2087 560 2140 contre
569 2079 751 2158 hocquoque
762 2079 869 2138 iabons
880 2098 1035 2157 praemmm
1043 2087 1151 2157 petam,

86 2190 90 2200 ι
171 2167 209 2218 ut
219 2179 269 2218 me
284 2160 300 2216 i.
314 2167 471 2239 conspectu
483 2159 638 2228 maiorum,
647 2179 718 2238 quae
734 2167 834 2218 nostra
847 2164 891 2218 tot
904 2179 957 2237 per
969 2177 1062 2216 annos
1075 2158 1152 2218 vidit

86 2245 88 2256 '
171 2246 260 2307 aetas,
284 2237 434 2320 tantisper,
455 2241 535 2300 certd
558 2239 630 2298 dum
643 2237 743 2319 prisca
764 2238 817 2297 illa
837 2244 899 2297 tota
920 2245 1150 2318 mente-repeto,

169 2323 316 2387 avertam,
329 2319 423 2378 omnis
443 2339 548 2400 expers
571 2339 663 2388 curse,
684 2336 753 2398 quoe
772 2317 927 2378 scribentis
940 2317 1080 2386 animum,
1096 2317 1154 2377 etsi

171 2419 232 2458 non
247 2398 369 2466 flectere
385 2399 399 2455 3
414 2419 492 2468 vero,
507 2399 666 2460 sollicitum
684 2408 784 2459 manen
799 2399 917 2458 efficere
934 2397 1034 2478 possit.
1075 2398 1150 2471 Quae

169 2485 244 2539 ante
258 2477 406 2540 conditam
421 2479 644 2540 condendamve
663 2482 777 2548 urbem,
790 2477 915 2558 poeticis
928 2479 1022 2559 magis
1043 2476 1152 2539 decora

172 2558 292 2628 fabulis,
305 2579 395 2638 quarn
409 2559 587 2639 incorruptis
599 2577 696 2618 rerum
708 2568 856 2638 gestarum
871 2559 1078 2627 monumentis,
1089 2567 1150 2618 tra·

174 2638 297 2707 duntur,
311 2659 346 2699 ea
360 2659 415 2699 noc
425 2639 580 2708 affirmare,
591 2659 646 2698 neo
658 2639 794 2698 refellere
803 2638 833 2698 in
847 2639 945 2699 animo
959 2646 1012 2700 est.
1054 2640 1152 2699 Detur

172 2719 239 2778 hoec
250 2718 337 2778 venia
350 2717 531 2798 antiquitati,
542 2727 585 2788 ut,
596 2719 749 2778 miscendo
759 2719 886 2779 humana
895 2719 1014 2788 divinis,
1026 2718 1150 2799 primor-

107 2833 110 2840 ·
174 2797 225 2858 dia
239 2798 354 2858 urbium
368 2798 538 2880 augustiora
551 2797 650 2858 faciat.
692 2801 742 2868 Et,
751 2799 777 2858 si
788 2800 837 2858 cui
846 2800 954 2879 populo
964 2798 1054 2860 licere
1065 2819 1151 2879 opor·

174 2885 220 2938 tet
232 2898 408 2940 consecrare
418 2878 545 2959 origines
556 2899 633 2948 suaS,
647 2885 678 2938 et
691 2879 728 2938 ad
745 2880 823 2940 Deos
837 2879 946 2939 referre
955 2889 1103 2948 auctores,
1116 2899 1152 2939 ea

174 2957 245 3017 belli
258 2957 354 3039 gioria
367 2966 412 3016 est
426 2957 533 3038 populo
546 2959 689 3028 Romano,
709 2966 752 3028 ut,
769 2979 862 3038 quum
876 2979 963 3020 snum
976 2960 1152 3022 conditoris·

173 3057 234 3117 que
247 3037 293 3098 sui
305 3045 459 3118 parentem
475 3038 603 3098 Martem
614 3039 798 3118 potissimum
808 3038 892 3110 serat,
902 3048 963 3100 tam
974 3048 1005 3100 et
1015 3041 1069 3100 boc
1080 3059 1152 3130 gen·

173 3125 221 3178 tes
235 3117 372 3182 humanae
389 3118 538 3198 patiantur
548 3137 635 3198 aequo
645 3120 752 3188 animo,
762 3139 852 3198 quam
865 3119 1019 3199 imperium
1033 3127 1152 3200 patrun-

173 3203 206 3256 tu
212 3218 234 3256 r.
276 3197 336 3256 Sed
351 3196 413 3257 hmo
425 3199 510 3257 ethis
522 3197 637 3268 similia,
653 3205 804 3279 utcunque
818 3199 1024 3260 animadversa
1037 3209 1089 3259 aut
1099 3220 1151 3260 ex·

171 3275 307 3338 intimata
322 3283 418 3347 erunt,
435 3277 512 3338 iraud
527 3279 559 3338 in
573 3299 678 3359 magno
692 3279 830 3358 equidem
848 3299 956 3359 ponam
972 3279 1152 3340 discrimine.

173 3356 228 3416 Ad
242 3356 294 3416 iila
309 3355 378 3416 mihi
398 3377 449 3437 pro
473 3377 504 3418 se
518 3358 644 3438 quisque
661 3360 770 3420 acriter
782 3359 919 3419 intendat
931 3360 1072 3430 animum,
1085 3381 1152 3441 quae

173 3436 250 3502 vita,
263 3436 314 3515 qni
330 3457 424 3500 mores
437 3437 568 3511 suerint:
589 3459 642 3517 per
654 3461 729 3519 quos
748 3438 836 3507 viros,
851 3440 1016 3520 quibusque
1031 3441 1153 3510 artibus,

173 3514 259 3576 domi
287 3515 466 3596 militinquc,
492 3524 522 3578 et
549 3525 667 3598 partum
699 3527 729 3580 ct
755 3526 876 3579 auctum
916 3520 1069 3601 imperium
1106 3519 1153 3580 sit.

175 3597 316 3656 Labente
344 3596 451 3657 deinde
481 3598 624 3677 paulatim
663 3598 830 3691 disciplina,
864 3601 947 3659 volut
982 3601 1153 3660 desidentes

174 3674 272 3812 primo
292 3694 388 3735 utores
407 3686 548 3756 sequatur
568 3678 685 3749 animo;
705 3679 812 3739 demde
835 3688 867 3741 ut
890 3679 982 3758 tnagis
1003 3676 1155 3757 magisque

189 3753 255 3832 apsi
268 3755 345 3822 sint;
359 3762 419 3815 tum
430 3757 473 3817 ire
487 3757 632 3838 ceperint
643 3758 827 3838 praecipites:
847 3759 942 3818 donec
953 3760 990 3818 ad
1005 3759 1067 3816 brec
1079 3764 1154 3818 tem·

176 3853 260 3912 pora,
278 3834 387 3914 quibus
400 3855 455 3898 nec
473 3837 670 3911 vitianostra,
689 3859 747 3901 nec
760 3837 891 3900 remedia
908 3837 969 3918 pati
988 3857 1153 3920 possumus,
