2634 4392
101 291 102 300 Ν
185 228 242 292 aa
595 222 635 318 r.
648 220 756 319 mim

184 388 285 453 dinem
302 372 396 467 petita
406 383 597 445 accenderat·
637 380 741 445 Icilius
754 378 804 461 ubi
818 382 941 461 audivit,
953 382 1087 445 tribunos
1098 384 1169 447 mili·

184 477 248 532 tum
262 468 293 528 in
308 466 459 525 Aventino
473 468 598 534 creatos,
621 484 660 524 ne
675 464 858 525 comitiorum
871 462 1045 525 militarium
1063 487 1170 604 praro-

184 550 314 633 gativam
327 548 440 605 urbana
452 544 572 604 comitia
590 542 697 605 iisdem
710 543 837 605 tribunis
858 543 952 624 plebis
973 564 1063 605 crean
1084 546 1110 605 is
1128 566 1170 607 se·

182 634 355 709 querentur,
381 625 494 707 peritus
513 644 613 684 rerum
633 623 821 705 popularium
840 622 1107 717 imminensqueei
1124 646 1169 706 po·

181 709 297 777 testati,
317 711 349 767 'et
361 706 425 787 ipse
439 704 531 786 priris,
551 704 641 782 quim
655 704 750 763 iretur
762 704 801 764 ad
821 706 934 774 urbem,
954 722 1017 783 perr
1031 706 1169 785 potestate

182 789 312 849 eundem
326 804 480 846 numerum
501 787 538 844 ab
552 783 615 843 suis
628 784 790 844 creandum
811 792 920 847 curat·
947 784 1037 844 Porta
1059 784 1168 845 Collint

180 873 284 929 urbem
294 867 443 927 intravere
456 867 512 925 sub
525 863 625 945 signis,
639 864 800 943 mediaque
814 866 886 925 urbe
900 864 1015 945 agmine
1027 864 1059 924 in
1076 868 1168 924 Aven-

180 948 278 1009 tinum
292 946 438 1039 pergunt;
458 945 509 1014 ibi,
522 942 675 1025 conjuncti
689 944 776 1005 alteri
790 944 944 1013 exercitui,
964 942 1070 1025 viginti
1084 945 1167 1005 tribu-

179 1027 228 1089 nis
238 1028 369 1087 militum·
380 1026 531 1107 negotium
544 1024 702 1093 dedemnt,
721 1030 756 1083 ut
768 1044 806 1085 ax
820 1039 873 1085 suo
886 1044 1010 1084 numero
1022 1025 1100 1085 duos
1112 1044 1167 1084 cre·

178 1108 274 1177 arent,
298 1106 350 1185 qui
375 1125 499 1165 summae
525 1124 625 1164 rerum
651 1108 825 1185 praeessent.
873 1103 1082 1185 M.'0ppium,
1108 1104 1168 1165 Sex.

178 1187 341 1248 Manilium
355 1191 467 1245 creant.
507 1184 622 1252 Patres,
642 1183 761 1243 solliciti
776 1184 940 1244 desummo
954 1204 1062 1254 rerum,
1084 1204 1166 1265 quum

179 1272 301 1329 senatus
312 1264 444 1346 quotidie
458 1272 547 1334 esset,
562 1263 670 1343 jurgiis
691 1261 803 1343 saepids
816 1268 919 1323 terunt
931 1269 1059 1345 tempus,
1088 1266 1166 1345 quim

179 1346 320 1407 consiliis.
361 1343 451 1404 Sicoii
475 1344 574 1403 coedes
592 1342 779 1412 decemviris,
804 1350 836 1403 et
856 1342 1007 1423 Appiana·
1016 1344 1118 1411 libido,
1141 1348 1165 1404 et

177 1427 326 1487 dedecora
340 1423 452 1495 militiae
466 1422 706 1502 objiciebantur.'
729 1422 880 1492 Placebat,
902 1423 1056 1483 Valeriam
1079 1424 1165 1483 Hora·

176 1506 312 1583 tiumque
335 1497 382 1562 ire'
398 1502 430 1561 in
451 1503 658 1573 Arentinum3
678 1501 723 1560 illi
743 1504 891 1595 negabant
911 1522 944 1563 se
965 1503 1057 1563 aliter·
1074 1503 1165 1573 ituros,

176 1586 268 1665 qudm
295 1584 321 1644 si
336 1583 508 1658 ,decemviri
527 1582 712 1663 deponerent
736 1581 865 1665 insignia
889 1582 1083 1663 magistratus
1105 1587 1165 1665 ejus,

176 1686 236 1745 quo
250 1684 328 1725 anno
349 1665 414 1745 jam
438 1665 507 1723 ante
521 1662 661 1723 abissent
702 1660 880 1731 Decemviri,
904 1667 1064 1743 querentes
1094 1685 1123 1725 se
1140 1664 1164 1723 in

175 1743 309 1806 ordinem
324 1744 469 1827 reginen
481 1744 559 1811 ante,
570 1744 661 1822 quam
673 1741 796 1822 perlatis
809 1742 931 1823 legibue,
940 1740 1068 1822 quarum
1085 1750 1164 1805 rauel

175 1826 268 1885 creati
280 1833 389 1892 essent,
411 1822 597 1904 deposituros
610 1822 765 1913 imperium
782 1842 814 1882 se
825 1824 951 1883 aiebant.

215 1905 286 1963 LII.
306 1904 365 1966 Per
377 1904 423 1961 M.
437 1901 581 1968 Duilium,
607 1920 660 1978 qur
680 1900 817 1961 tribunus
850 1896 924 1974 labis
935 1900 1041 1971 fuerat,
1053 1902 1165 1965 ‘certior
1198 1964 1202 1973 ,

173 1984 254 2044 facta
266 1983 359 2063 plebs,
373 1979 612 2040 contentionibus
626 1979 755 2051 assiduis
767 1922 987 2062 nihiitrausigi,
999 1981 1032 2040 in
1047 1982 1164 2044 Sacrum

173 2069 304 2123 montem
318 2082 355 2120 ex
369 2060 521 2134 Aventino
533 2060 660 2131 trausit3
681 2058 847 2141 affirmante
868 2060 979 2132 Duilio,
1001 2072 1018 2097 “
1029 2082 1094 2121 non
1113 2062 1165 2144 pri·

173 2145 219 2212 iis,
240 2143 331 2221 quim
351 2140 448 2202 deseri
463 2143 566 2201 urbem
579 2139 719 2211 videant„
737 2159 838 2201 curam
858 2140 890 2201 in
911 2141 1024 2201 animos
1046 2143 1164 2203 Patmm

172 2223 404 2291 descensuram
437 2220 659 2280 admoniturum
686 2222 809 2282 Sacrum
836 2229 967 2295 montem
992 2222 1162 2283 constantia

171 2302 287 2383 plebis:
308 2300 443 2369 scituros,
457 2301 537 2379 quod
552 2300 616 2358 sine
629 2300 770 2360 restituta
782 2306 930 2381 potestate
944 2301 1039 2383 redigi
1053 2302 1087 2363 in
1103 2322 1163 2362 eon·

171 2384 300 2443 cordiam
316 2401 362 2441 res
373 2379 556 2459 nequeant.”
597 2378 656 2439 via
669 2380 869 2450 Nomentana,
890 2380 939 2439 cui
950 2387 1014 2440 tum
1029 2382 1162 2455 Ficulen-

171 2462 197 2521 si
222 2481 331 2522 nomen
350 2460 416 2527 luit,
443 2458 578 2539 profecti,
605 2466 703 2519 eastra
729 2458 766 2518 ir‘r
783 2461 988 2523 mouteSaoro
1010 2462 1162 2529 locarere;

169 2536 343 2601 modestia‘m
386 2545 482 2598 atrum
503 2539 718 2598 suorum'nihil
739 2540 878 2599 violando
899 2540 1017 2601 imitati.
1059 2543 1161 2603 Secuta

171 2620 334 2682 exercitum
349 2560 442 2701 piabo,
463 2618 556 2686 nullo,
579 2618 632 2696 qni
652 2638 706 2699 per
728 2626 846 2679 aetatern
867 2620 911 2679 ire
922 2627 1035 2712 posset,
1057 2630 1163 2696 retrac-

168 2707 274 2778 tante„
302 2701 527 2777 Prosequuntu'r
541 2700 682 2778 conjuges
696 2698 839 2775 liberique
855 2706 1001 2759 “curnam
1021 2720 1055 2760 se
1075 2701 1161 2761 relin-

166 2779 293 2859 querent
305 2778 337 2837 in
351 2798 387 2836 ea
400 2778 481 2845 urbe,
505 2776 536 2835 in
557 2797 616 2855 quo
630 2798 685 2837 neo
699 2777 854 2859 pudicitia,
868 2800 923 2839 nec
937 2779 1062 2841 libertas
1081 2800 1160 2841 sauc-

106 2911 110 2921 ,
166 2864 199 2919 ta
212 2860 324 2927 esset,’'
338 2856 544 2917 miserabiliter
556 2855 728 2937 rogitantes.
769 2859 867 2933 Quum
878 2866 964 2920 vasta
977 2860 1083 2921 Romae
1107 2878 1161 2921 om·

166 2940 217 3000 nia
229 2940 348 2999 insueta
361 2937 490 2997 solitudo
509 2936 640 3006 fecisset
665 2936 698 2997 in
721 2938 784 3002 foro
808 2946 918 3019 praeter
937 2958 1050 3019 paucos
1071 2940 1161 3001 senio·

165 3041 232 3079 rum
252 3040 339 3080 uerno
359 3024 439 3077 esset
450 3038 460 3088 ;
479 3018 595 3078 vocatis
615 3018 718 3097 utique
738 3018 771 3079 in
786 3025 921 3079 senatum
943 3018 1093 3091 Patribus,
1114 3018 1161 3079 de·

165 3107 278 3160 sertum
292 3098 478 3180 apparuisset
500 3098 617 3168 forum3
655 3099 738 3167 lares
757 3099 830 3178 jam,
857 3100 947 3177 qnam
968 3100 1114 3161 Horatius
1133 3104 1162 3157 et

164 3178 313 3248 Valerius,
337 3178 584 3246 vociferabantur,
597 3120 707 3250 “tinid
733 3178 937 3256 expectabilis,
965 3180 1074 3253 Patres
1095 3198 1161 3239 cou-

164 3257 291 3338 scripti?
332 3256 365 3317 Si
377 3256 541 3317 decemviri
555 3257 645 3317 finem
658 3255 829 3336 pertinacia
845 3276 905 3318 non
925 3258 1052 3329 faciunt,
1078 3275 1160 3319 ruere

160 3361 197 3402 ao
210 3336 374 3419 deflagrare
387 3336 486 3397 omnia
497 3337 615 3417 passuri
641 3336 735 3395 estis?
776 3336 863 3411 Quod
886 3346 984 3399 autem
1012 3340 1092 3399 istud
1104 3340 1158 3399 im·

160 3419 276 3503 perium
291 3426 345 3489 est,
359 3417 530 3486 decemviri,
543 3417 624 3495 quod
633 3416 900 3496 amplexitenetis?
941 3416 1049 3479 Tectis
1060 3440 1099 3481 aa
1109 3438 1159 3499 pa·

160 3498 284 3561 rictibus
293 3497 364 3578 jura
376 3497 487 3557 dicturi
502 3498 598 3556 estis?
639 3497 710 3556 Nun
724 3498 827 3579 pudet,
840 3499 977 3557 lictorum
993 3506 1159 3561 vestrorum

160 3583 300 3661 majorem
314 3597 405 3658 prope
419 3595 574 3636 numerum
595 3576 626 3635 in
640 3576 704 3638 foro
725 3577 866 3659 conspici,
889 3580 979 3656 quim
993 3574 1162 3661 togatorum

160 3664 285 3722 aliorum
307 3658 369 3718 ue?
409 3656 498 3730 Quid,
512 3656 538 3714 si
557 3656 657 3717 hostes
670 3658 707 3717 ad
722 3661 821 3717 urbem
836 3658 967 3727 veniant,
988 3656 1098 3719 facturi
1114 3678 1160 3719 es·

158 3742 223 3812 tis?
244 3677 325 3817 quid,
349 3737 374 3797 si
394 3736 478 3817 plebs
501 3756 576 3803 mox,
601 3736 648 3795 ubi
670 3758 771 3817 parurn
794 3738 962 3799 secessione
976 3758 1160 3807 moveamur,

158 3826 273 3880 armata
297 3816 423 3878 veniat?
464 3816 618 3878 Occasune
645 3816 727 3878 urbis
753 3816 850 3879 vultis·
865 3818 945 3881 finiri
971 3814 1160 3900 imperium?
