2634 4392
146 294 207 360 urs
315 371 320 377 ,
536 398 540 402 .
577 287 738 364 amun

150 477 238 552 opem
252 469 374 520 cernere
384 447 474 518 aliam
488 475 623 539 usquam,
636 459 836 542 praeterquam
845 459 877 519 in
898 455 1065 519 tribunicio
1074 455 1162 519 suxi·

113 583 116 596 .
153 540 216 610 lios
235 539 267 598 iu
288 539 352 618 ejus
371 539 530 618 potestatis
557 539 647 600 fidem
673 542 910 600 circumventam
934 538 1164 616 rempublicam,

153 625 295 698 tanquam
323 618 473 698 privatum
499 618 627 700 inopem,
648 620 818 702 confugere.
879 617 1070 678 Praeclarum
1092 617 1166 697 ipsis

155 697 358 781 potestatique
380 717 454 766 esse,
476 717 538 759 uon
560 700 598 759 ad
612 701 781 761 vexandum
807 706 944 760 senatum
965 696 1165 758 discordiam·

156 797 216 858 quc
230 777 369 837 ordinum
382 779 559 838 movendam
569 780 637 860 plus
649 779 681 839 in
695 780 847 841 tribunatu
860 777 968 837 virium
981 795 1062 845 esse,
1073 778 1162 868 qui-m

155 859 194 919 ad
210 857 409 918 resistendum
423 857 564 938 improbis
579 859 710 940 collegis.
750 858 901 919 Fremitus
921 855 1033 916 deiude
1044 877 1165 916 univer·

83 961 85 974 ’
156 939 181 999 si
196 943 319 998 senatuis
343 945 436 1007 ortus,
463 957 555 1017 quum
576 959 614 998 ex
635 941 771 999 omnibus
785 939 919 1020 partibus
933 936 1025 996 euriae
1047 936 1164 996 tribuni

83 1035 85 1052 ’
155 1019 399 1100 appellarentur:
419 1025 493 1087 tum,
517 1019 636 1080 silentio
656 1019 746 1088 facto,
766 1018 798 1088 ii,
818 1017 871 1097 qui
897 1016 1052 1097 preparati
1076 1023 1166 1076 erant
1234 1074 1235 1079 ,

83 1109 86 1166 ἴ
157 1099 255 1178 gratia
277 1098 455 1179 principum,
482 1099 572 1178 quim
596 1099 780 1179 rogationem
801 1099 819 1158 s
839 1096 963 1177 collegis
992 1098 1165 1187 promulga-

82 1175 86 1242 ἰ
156 1187 219 1239 tam
235 1186 358 1240 senatus
379 1186 501 1238 censeat
516 1176 906 1258 dissolvendae-reipublicae
920 1195 998 1244 esse,
1023 1175 1055 1235 ei
1072 1196 1105 1235 se
1117 1195 1164 1235 ru·
1234 1206 1235 1255 3

82 1273 86 1330 l
157 1265 342 1320 terressuros
365 1259 538 1318 ostendunt.
592 1259 704 1320 Gratiae
728 1256 974 1318 intercessoribus
998 1257 1036 1314 ab
1057 1265 1163 1316 senatu
1234 1258 1235 1265 ’

83 1345 85 1371 ²
157 1343 246 1398 actae.
310 1338 437 1398 Latores
458 1338 626 1417 rogationis,
648 1337 791 1396 concione
813 1337 971 1404 advocati,
991 1334 1160 1414 proditores

83 1449 84 1492 3
157 1418 254 1498 plebis
269 1420 487 1477 commodorum
501 1437 536 1477 ac
557 1436 661 1477 servos
675 1417 876 1477 consularium
889 1415 1084 1496 appellantes,
1106 1415 1162 1475 ali·
1234 1434 1236 1509 q

85 1525 88 1532 ·
157 1517 236 1577 aque
250 1499 328 1556 truci
340 1497 471 1556 oratione
485 1496 517 1556 in
529 1497 664 1578 collegas
677 1498 798 1565 invecti,
813 1496 962 1556 actionem
976 1495 1149 1574 deposuere.
1234 1542 1236 1546 ,

83 1565 85 1640 i
198 1577 312 1636 XLIX.
333 1577 400 1636 Duo
414 1576 621 1638 assiduabella
635 1578 797 1656 insequens
811 1593 908 1636 annus
921 1575 1074 1643 habuisset,
1094 1594 1159 1665 quo

83 1673 84 1698 l
158 1657 192 1717 P.
207 1655 365 1716 Cornelius
379 1657 499 1726 Cossus,
513 1657 550 1716 C.
563 1657 704 1717 Valerius
716 1656 844 1725 Potitus,
863 1655 901 1728 Q.
914 1652 1068 1728 Quinctius
1079 1653 1155 1712 cm-

83 1797 84 1806 ,
159 1737 310 1806 sinuatus,
345 1737 385 1798 N.
406 1739 515 1797 Fabius
535 1737 712 1806 Vibulanus,
731 1736 844 1796 tribuni
870 1734 1001 1794 militum
1022 1733 1157 1793 consula·

83 1873 84 1882 ,
159 1817 186 1878 ι·ἱ
207 1823 355 1898 potestate
375 1817 516 1886 fuerunt3
536 1816 567 1876 ni
590 1817 704 1896 Vejens
723 1816 834 1877 bellum
860 1811 965 1894 religio
991 1812 1154 1894 principuus

82 1887 85 1938 7
160 1897 337 1965 distulisset,
359 1915 483 1988 quorum
498 1915 584 1975 agros
595 1896 725 1962 Tiberis,
737 1908 836 1974 ‘super
848 1894 929 1974 ripas
943 1893 1066 1961 effosus,
1079 1912 1156 1952 mnx-

159 1975 218 2035 ime
238 1974 333 2034 ruinis
353 1975 489 2035 villarum
504 1974 657 2034 vastavit„
685 1973 781 2033 Simul
802 1975 921 2053 AEquos
938 1970 1071 2032 triennio
1092 1972 1156 2032 anti

161 2059 286 2134 accepta
300 2055 401 2114 clades
435 2053 560 2114 rubibuit
580 2052 714 2122 Bolanis,
728 2062 792 2113 suae
845 2053 906 2112 ntis
919 2051 1040 2133 populo,
1060 2050 1156 2132 prosi·

162 2135 245 2194 dium
259 2134 347 2196 ferre.
386 2075 587 2195 lai'cursiones
606 2133 679 2194 inde
693 2133 725 2193 in
748 2151 805 2192 con
829 2152 896 2194 nem
910 2151 1014 2271 squam
1035 2131 1158 2192 Lavics·

81 2224 87 2250 ⁹
161 2235 234 2275 num
254 2214 343 2275 factae
368 2225 462 2286 eraut,
482 2213 627 2294 novisque
648 2212 762 2274 colonis
783 2213 894 2272 bellum
914 2211 925 2270 i
951 2216 1054 2281 atum;
1074 2226 1158 2290 quum

159 2313 270 2356 noxam
291 2313 383 2374 quum
408 2314 440 2356 se
467 2313 613 2355 consensu
639 2293 769 2365 omnium
793 2293 965 2371 AEquorum
989 2290 1158 2351 defensuros

163 2381 345 2453 aperissem,
371 2374 482 2434 deserti
502 2375 538 2434 ab
563 2371 635 2442 suis,
654 2393 695 2434 ne
718 2372 901 2433 memorabili
930 2370 1052 2450 quidem
1071 2368 1155 2437 bello,

163 2471 218 2532 per
230 2454 410 2513 obsidionem
425 2454 580 2531 levemque
591 2471 681 2512 unam
695 2471 824 2533 pugnam
839 2458 870 2512 et
882 2451 1026 2532 oppidum
1037 2455 1068 2510 et
1084 2447 1159 2508 fines

161 2532 297 2592 amisere.
337 2533 500 2592 Tantalum
514 2535 550 2592 sb
564 2530 601 2592 L.
615 2532 719 2592 Sextio
732 2532 967 2612 tribunoplebis,
987 2537 1024 2590 ut
1036 2529 1159 2612 rogatio·

82 2607 83 2620 ¹
161 2630 229 2671 nem
245 2611 344 2679 ferret,
357 2619 417 2703 qus
432 2613 523 2672 Rolas
536 2625 669 2692 quoque*
692 2612 770 2672 sicut
789 2612 928 2680 Levibus,
951 2611 1052 2670 coloni
1065 2609 1160 2669 mitte·

82 2713 83 2720 ¹
160 2696 275 2757 renna,
298 2711 351 2780 per
364 2693 605 2751 mtercessionem
619 2692 809 2773 collegarum,
828 2691 881 2769 qui
895 2691 1011 2752 nullum
1022 2688 1157 2774 plebisci-

82 2824 83 2836 ,
161 2775 237 2835 tum,
258 2768 315 2826 nisi
336 2788 372 2827 ex
386 2769 563 2830 auctoritate
577 2776 709 2840 senatus,
724 2790 862 2863 passum
876 2791 911 2831 se
923 2769 1052 2852 perferri
1066 2777 1161 2830 osteu-
1233 2778 1234 2785 ’

82 2889 84 2924 3
163 2847 283 2915 derunt,
304 2846 473 2908 discussum
493 2855 551 2908 est.
613 2847 699 2909 Bolis
724 2858 903 2943 insequente
931 2871 1011 2911 anno
1026 2847 1161 2930 reeepfib

162 2926 269 3006 AEqui,
283 2925 460 3006 colonisque
473 2927 510 2987 eb
520 2927 662 2998 deducti,
681 2930 767 2989 novis
780 2932 892 2991 viribus
906 2930 1050 3012 oppidum
1064 2931 1163 2989 tirmi-

162 3013 243 3076 runt,
263 3006 389 3067 tribunis
402 3006 529 3068 militum
541 3009 646 3070 Romae
662 3011 811 3086 consulari
821 3016 967 3090 potestate
982 3011 1042 3070 Cn.
1053 3009 1165 3068 Corne·

162 3085 204 3145 lio
219 3088 322 3156 Cosso,
336 3087 373 3146 L.
394 3087 514 3148 Valerio
527 3088 636 3158 Potito,
651 3089 688 3162 Q.
700 3090 793 3150 Fabio
804 3090 954 3150 Vibulano
978 3090 1101 3160 iterum,
1119 3088 1164 3146 Μ.
1233 3118 1234 3121 ¹

163 3165 316 3224 Postumio
343 3166 518 3247 Regillensi.
558 3168 640 3226 Huic
664 3169 774 3228 bellum
801 3169 946 3230 adversus
961 3170 1087 3248 AEquos
1098 3187 1165 3248 per·

162 3243 283 3302 missum
309 3252 364 3314 est,
391 3265 488 3325 pravae
509 3245 618 3308 mentis
644 3245 776 3317 homiui3
800 3267 891 3327 quam
914 3254 1016 3309 tamen
1040 3247 1169 3308 victoris

162 3322 265 3412 magis,
286 3325 377 3459 quim
405 3325 527 3394 bellum,
554 3325 695 3391 ostendit.
754 3327 846 3399 Nam,
875 3328 1009 3389 exercitu
1040 3327 1167 3408 impigre

162 3407 273 3480 scripto
311 3410 438 3480 octoque
449 3404 487 3464 ad
506 3403 606 3474 Bolas,
626 3423 720 3486 quum
733 3406 849 3469 levibus
863 3407 980 3490 proeliis
993 3409 1166 3487 AEquorum

160 3479 273 3539 animos
293 3480 440 3559 fregisset,
460 3485 609 3562 postremd
622 3485 654 3544 in
675 3485 818 3566 oppidum
845 3489 974 3570 irrupit3
995 3487 1110 3548 deiude
1130 3489 1167 3548 sb

159 3558 291 3618 hostibus
312 3558 342 3618 iu
371 3559 452 3620 cives
467 3569 618 3624 certamen
639 3566 751 3626 vertite
771 3573 814 3636 et,
833 3579 926 3646 quum
945 3569 1028 3629 inter
1050 3587 1166 3648 oppug-

161 3640 310 3728 nationem
342 3640 476 3718 praedam
504 3642 608 3702 militis
642 3643 708 3703 fore
743 3645 896 3713 edixisset,
930 3656 1019 3727 capto
1046 3639 1168 3728 oppido,

161 3716 249 3774 tidem
265 3717 399 3776 mutavit.
440 3720 525 3789 Eam,
552 3721 646 3800 magis
661 3724 803 3794 adducor,
824 3732 860 3784 ut
873 3725 996 3784 credam
1019 3726 1074 3785 irae
1095 3745 1169 3786 cau·

161 3812 220 3851 sam
244 3796 388 3855 exercitui
409 3797 511 3867 fuisse,
532 3800 623 3877 quim
637 3803 720 3878 qued
734 3803 765 3862 in
776 3806 848 3863 urbe
867 3823 965 3882 nuper
976 3805 1095 3884 direpta
1118 3825 1170 3864 co·

158 3870 299 3948 lanisque
320 3895 396 3934 nova
420 3877 519 3936 minus
543 3879 760 3958 praedicatione
785 3882 899 3942 tribuni
926 3881 1037 3963 predae
1062 3883 1169 3946 fuerit.

155 3947 250 4006 Auxit
267 3969 329 4008 eom
353 3953 435 4022 iram,
457 3962 625 4035 postquam,
646 3963 682 4020 ab
697 3961 821 4040 collegis
843 3962 1018 4030 arcessitus,
1037 3969 1167 4044 propter
