2634 4392
539 318 670 403 uranu
683 300 743 402 lu.
800 408 806 413 ,
1080 344 1138 404 rar

147 496 229 563 lictor
246 514 265 543 ‘⁶
273 501 438 570 decresse”
461 500 522 561 aits
542 493 815 580 vociferantemque
835 491 954 560 Icilium
975 498 1139 561 submovet

146 580 298 647 Placidum
318 602 437 663 quoque
458 580 609 662 ingenium
629 588 692 649 tarn
707 589 791 643 atrox
812 579 921 660 injuria
935 580 1138 641 accendisset.
1187 634 1188 637 ,

144 664 257 724 “Ferro
270 663 339 723 binc
352 661 406 721 tibi
420 662 639 721 submovendus
648 681 723 730 sum,
740 660 852 741 Appi,”
865 658 973 739 iuquit,
989 672 1005 698 “
1016 672 1050 719 ut
1063 659 1139 732 taci-

145 751 203 804 tum
216 743 306 813 seras,
320 738 402 821 quod
415 740 508 802 celari
521 742 577 799 ris.
617 740 770 821 Virginem
792 758 845 819 ego
859 739 935 799 banc
951 756 1017 798 sum
1030 740 1139 799 ductu-

145 844 202 893 rus,
214 830 338 903 nuptam
359 818 734 901 pudicamqne‘habitumrs.
776 817 904 879 Proinde
924 836 1027 879 ornnes
1048 820 1141 879 colle·
1221 878 1222 883 ,

145 924 242 996 garum
256 918 375 982 quoque
396 900 518 961 lictores
532 918 672 967 convoca,
693 896 828 979 expediri
848 898 946 980 virgas
967 906 999 959 et
1018 914 1140 959 secures
1221 898 1222 917 *

143 981 226 1064 Jubac
246 1002 307 1043 non
322 980 454 1040 manebit
474 987 560 1040 extra
572 980 692 1039 domum
702 979 920 1059 patrissponsa'
932 978 1018 1037 Icilii.
1059 978 1141 1047 Non,
1221 1024 1222 1035 ,

146 1063 170 1121 si
188 1060 382 1122 tribunicium
401 1058 544 1121 auxilium
566 1066 597 1119 et
617 1056 867 1138 provocationem,
894 1059 973 1149 plebi
997 1053 1142 1117 Romanae

146 1142 216 1203 duas
229 1160 314 1201 arces
327 1139 474 1201 libertatis
485 1137 617 1207 tuendae,
630 1138 795 1206 ademistis,
819 1136 887 1200 ideo
900 1156 931 1198 ur
946 1138 1145 1217 liberosque·
1221 1172 1222 1203 r

146 1242 201 1301 que
214 1226 331 1281 nostros
345 1222 546 1299 conjngesque
558 1232 683 1298 regnum
697 1225 806 1277 vestrae
832 1214 948 1277 libidini
962 1216 1065 1277 datum
1086 1223 1143 1278 est.

146 1300 255 1362 Savite
268 1300 301 1359 iu
314 1306 429 1390 tergum
444 1298 519 1358 etin
533 1297 667 1357 cervices
681 1304 809 1367 nostras,
831 1295 976 1377 pudicitia
990 1294 1097 1356 saltem
1110 1297 1142 1356 in

143 1386 207 1441 tuto
219 1379 271 1439 sit.
313 1378 391 1437 liurc
412 1378 438 1436 si
457 1376 668 1447 manderetur,
691 1396 745 1457 ego
769 1376 959 1455 presentium
981 1375 1144 1449 Quiritium
1221 1380 1222 1441 i

163 1480 195 1519 ro
209 1474 329 1539 sponsa,
342 1456 492 1537 Virginius
507 1454 633 1516 militum
647 1476 702 1536 pro
716 1454 805 1516 unica
815 1456 885 1525 filia,
896 1474 998 1515 omnes
1012 1456 1145 1517 Deorum

144 1478 356 1615 dominumque
369 1535 590 1616 implorabimus
610 1535 720 1606 lidem3
741 1554 838 1613 neque
860 1536 894 1595 tu
915 1535 997 1597 rstud
1010 1555 1145 1615 unquam

146 1618 301 1680 decretum
321 1615 387 1675 sine
407 1615 492 1675 caede
505 1622 607 1676 nostra
620 1614 741 1673 referes.
782 1615 914 1684 Postulo,
941 1615 1031 1696 Appi,
1052 1615 1144 1677 etiam
1172 1656 1173 1663 κ
1221 1628 1222 1653 l

146 1704 235 1777 atque
248 1696 339 1757 etiam
353 1694 534 1762 consideres,
553 1696 614 1832 quo
627 1690 809 1773 progediare.
851 1691 1004 1773 Virginius
1025 1694 1144 1765 viderit,
1221 1710 1222 1715 ’

146 1778 181 1838 de
202 1776 274 1846 lilia,
295 1774 346 1835 ubi
360 1772 483 1840 venerit,
504 1772 556 1852 qui

146 1857 233 1937 hujus
246 1849 387 1917 vindiciis
400 1854 534 1921 cesserit,
548 1870 606 1911 con
627 1850 749 1911 itionem
764 1850 834 1911 liliae
849 1850 1043 1929 quaerendam
1057 1872 1144 1923 esser
1221 1874 1222 1879 ¹

146 1955 204 2006 me,
218 1930 423 2074 vipqicaqtem
437 1951 577 2015 sponsam
590 1931 622 1993 iu
632 1930 809 2005 libertatem
833 1930 894 1995 vita
909 1930 1000 1993 citius
1014 1932 1145 2005 deseret.

138 2018 237 2075 -uzlm
293 2018 345 2075 es!
459 2024 463 2027 ’
749 2060 753 2067 .

145 2034 300 2152 qXLVl.
321 2088 480 2151 Concitata
504 2086 665 2153 multitudo
691 2095 771 2162 erat·
794 2098 1006 2173 certamenque
1031 2078 1146 2156 instare

144 2170 328 2241 videbatur3
347 2169 469 2229 lictores
482 2170 603 2241 Icilium
616 2172 893 2233 circumsteterant:
913 2192 969 2234 nec
990 2174 1070 2233 ultra
1089 2174 1146 2233 mi·
1221 2188 1222 2195 ’

145 2272 200 2315 uas
213 2258 315 2310 tamen
331 2265 503 2328 processum
513 2258 569 2311 est.
609 2250 708 2323 Quum
723 2250 959 2330 Appius,“Non
980 2248 1146 2332 virginiam
1221 2298 1222 2319 a

96 2361 97 2374 κ
147 2329 271 2391 defendi
293 2331 330 2390 ab
344 2328 439 2397 Icilio,
465 2328 519 2388 sed
540 2326 706 2407 inquietum
727 2328 885 2399 hominem,
898 2337 943 2390 “et
964 2326 1146 2393 tribunatum
1221 2370 1222 2391 r

147 2411 239 2474 etiarn
251 2408 517 2489 nunc-spirantem,
530 2410 631 2469 locum
644 2407 799 2469 seditionis
820 2411 990 2489 quaerere‚'’
1009 2408 1124 2473 diceret
1135 2422 1148 2483 3·

148 2501 165 2528 “
174 2511 235 2551 non
249 2487 446 2569 praebiturum
459 2505 491 2549 se
501 2488 549 2548 illi
561 2508 596 2549 eo
605 2488 655 2549 die
666 2488 838 2549 materiam:
859 2486 912 2549 sed
927 2497 961 2549 ut
969 2490 1034 2569 jam
1046 2490 1146 2565 sciret,
1221 2516 1222 2575 3

147 2581 204 2630 non
218 2569 252 2631 id
266 2568 442 2649 petulantiae
454 2587 528 2637 suae,
537 2566 590 2628 sed
604 2566 741 2651 Virginio
753 2568 868 2629 absenti
881 2574 912 2629 et
924 2568 1022 2649 patrio
1034 2568 1147 2631 nomini
1221 2582 1222 2593 ¹

147 2657 177 2710 et
188 2647 317 2715 liberati,
331 2647 443 2717 datum,
453 2648 505 2727 jus
519 2670 554 2709 eo
567 2648 618 2709 die
634 2666 667 2707 se
681 2666 741 2707 non
754 2646 914 2718 dicturum,
928 2668 1026 2727 neque
1040 2649 1146 2710 decre·

149 2735 209 2789 tum
219 2727 485 2807 interpositarum:
508 2729 525 2787 ai
538 2728 584 2788 M.
598 2726 726 2787 Claudio
745 2726 918 2808 petiturum,
931 2736 966 2787 ut
986 2728 1149 2791 decederet

145 2809 211 2886 jure
224 2828 292 2877 suo,
316 2805 523 2886 vindicarique
536 2807 668 2889 puellam
682 2807 880 2887 inposterum
894 2806 972 2868 diem
986 2815 1147 2888 pateretur.
1221 2846 1222 2881 ;

150 2888 235 2961 Quid
256 2884 315 2946 nisi
336 2894 421 2965 pater
436 2893 552 2978 postero
572 2885 622 2946 die
642 2884 797 2954 adfuisset,
821 2887 1001 2947 denunciare
1016 2907 1049 2947 se
1062 2887 1150 2949 lcilio
1221 2886 1222 2913 ³

150 2968 354 3043 similibusque
368 2963 457 3033 lcilir,
469 2984 568 3043 neque
579 2966 643 3046 legi
654 2986 721 3043 suae
731 2966 877 3037 latorem„
888 2984 985 3045 neque
996 2966 1148 3026 decemvi-

150 3066 181 3105 ro
201 3042 401 3109 constantiam
425 3042 546 3103 delore:
570 3062 627 3103 nec
647 3064 680 3103 se
700 3046 805 3123 utique
826 3046 1006 3125 collegarum
1026 3044 1149 3107 lictores

151 3132 383 3187 convocaturum
407 3123 446 3184 ad
459 3123 642 3183 coercendos
664 3121 819 3183 seditionis
833 3131 990 3195 auctores3
1010 3131 1148 3187 content·

150 3224 200 3263 um
213 3226 247 3265 se
261 3204 321 3263 suis
336 3202 490 3264 lictoribus
502 3203 599 3263 fore.’'
639 3203 738 3275 Quum
759 3200 885 3263 dilatum
898 3208 1016 3283 tempus
1029 3202 1148 3283 injuriae
1221 3238 1222 3241 κ

148 3291 238 3352 esset,
252 3282 505 3375 secessissentque
519 3282 656 3343 advocati
698 3283 798 3350 uellae,
811 3280 924 3375 placuit
943 3282 1074 3343 omnium
1087 3282 1148 3363 pri·

150 3365 241 3433 mum,
264 3361 385 3424 fratrem
399 3361 476 3421 lcilri
489 3361 646 3441 liliumque
691 3361 831 3431 umitorir,
853 3361 992 3443 impigros
1009 3362 1149 3441 juvenes,

151 3462 274 3526 pergere
287 3442 357 3502 iude
368 3444 453 3502 recta
466 3441 505 3501 ad
520 3448 644 3521 portam,
657 3449 697 3511 et,
708 3447 852 3522 quantum
865 3442 1026 3516 accelerari
1038 3449 1149 3524 posset,

153 3522 320 3604 Virginium
333 3521 424 3581 acciri
439 3523 454 3580 ὲ
469 3521 583 3581 castris.
625 3522 663 3583 In
684 3542 719 3581 eo
732 3520 808 3581 verti
828 3521 937 3600 puelloe
958 3523 1095 3589 salutem,
1119 3522 1150 3601 ¹si

151 3611 268 3680 postero
289 3599 338 3659 die
353 3600 462 3659 vindex
481 3600 601 3684 injurie
622 3602 661 3661 ad
682 3606 799 3681 tempus
834 3610 924 3661 raesto
937 3606 1027 3661 esset.
1067 3600 1147 3660 Jussi

155 3684 290 3761 pergunt,
327 3677 485 3759 citatisque
506 3680 592 3758 equis
624 3680 767 3741 nuncium
788 3621 832 3739 ad
846 3686 961 3760 patrem
987 3678 1151 3759 perferunt.

155 3758 250 3831 Quum
263 3758 391 3818 instaret
404 3767 535 3819 assertor
544 3758 664 3839 puellae,
678 3762 721 3819 ¹ut
730 3759 907 3827 vindicaret,
932 3776 1150 3859 sponsoresque

157 3836 260 3910 daret3
281 3836 415 3917 atque-id
427 3839 523 3919 ipsum
537 3836 715 3919 agidiceret
729 3838 842 3906 Icilius.
857 3835 962 3897 sedulo
974 3846 1092 3919 tempus
1105 3846 1151 3897 te·

158 3918 319 3993 renadurn
333 3917 532 4002 praeciperent
543 3917 603 3983 iter
612 3916 715 3983 nuncii
726 3917 969 4001 missiiucsstra
977 3917 1153 3999 nanus-tot<
1221 4002 1222 4007 ἵ

648 1777 669 1831 t.
712 1772 778 1833 Hoc
798 1772 916 1831 tantum
930 1772 1015 1842 sciat,
1039 1772 1104 1841 sibi,
1119 1772 1145 1835 si
1221 1810 1222 1815 κ
