2634 4392
147 316 208 381 sae
550 312 600 402 ru.
614 311 723 403 mun

145 480 197 544 aut
216 492 396 556 quemquam
416 473 559 548 Deorum,
578 473 633 533 sed
651 473 706 534 hos
728 469 820 535 duces
838 477 1043 550 accusantem.
1084 471 1146 540 Ρη

145 568 226 623 certo
238 577 271 616 se
284 557 399 623 babere,
413 553 561 615 nemiuem
581 553 765 616 inconcione
780 560 868 622 stare,
888 554 1007 632 qui'illo
1021 552 1072 614 die
1085 571 1146 616 nou

144 644 244 716 caput,
267 634 387 695 domurn
408 633 601 712 fortunasque
628 634 665 692 L.
679 632 804 714 Virginii
819 655 855 694 ac
871 635 916 692 M.
931 632 1027 713 Sergii
1041 634 1084 705 sit
1094 651 1147 695 ex·

143 724 275 774 secr-atus
302 714 538 791 detestatusque.
580 711 705 772 ulintmt·
724 714 893 782 convenire,
924 713 1032 792 quibus
1055 713 1148 778 iratos

141 793 267 873 quisque
285 796 363 857 ileos
374 803 512 874 precatus
533 790 581 862 sit,¹
601 792 634 852 in
651 792 689 854 iis
701 799 755 851 sut
769 800 927 872 potestate,
940 812 1030 870 quum
1055 793 1149 854 liceat

141 883 173 942 et
185 879 328 952 oporteat,
349 893 408 932 non
423 874 476 938 uti.
516 875 681 950 Nunquam
705 873 786 932 Deos
809 873 889 952 ipsos
910 871 1068 954 arlrntruere
1091 893 1149 932 no-

142 955 278 1013 centibus
299 973 430 1024 manus;
451 952 523 1014 satis
547 973 624 1022 esse,
649 951 677 1011 si
697 951 850 1012 occasione
874 953 1040 1012 ulciscendi
1053 952 1150 1020 laesus

142 1037 291 1099 arment.”

182 1115 255 1173 Xll.
277 1112 334 1176 llis
356 1111 537 1175 orationibus
560 1111 686 1172 incitata
706 1111 789 1191 plebs
816 1111 902 1170 denis
924 1109 1056 1170 millibus
1078 1111 1151 1176 aetia

144 1195 244 1275 gravis
268 1206 335 1253 reos
357 1195 545 1269 condemnat,
570 1193 770 1270 nequicquam
793 1191 896 1272 Sergio
910 1191 1041 1252 blartern
1066 1212 1150 1258 com·

143 1294 262 1338 ornnem
279 1275 349 1334 belli
371 1275 579 1350 fortunamque
603 1270 929 1351 accusante,⁴Virginio
953 1272 1150 1349 deprecante,

143 1372 181 1416 oe
206 1353 353 1413 infelicior
366 1354 456 1421 domi,
480 1354 569 1430 qum
594 1351 720 1418 militiae,
747 1357 836 1417 esset.
879 1354 914 1412 ln
928 1352 980 1413 hos
994 1371 1080 1412 versa
1101 1354 1149 1416 ira

164 1435 254 1512 apuli,
269 1433 467 1511 cooptationis
493 1429 676 1513 tribunorum
706 1430 890 1508 fraudisque,
903 1504 905 1507 ι
920 1441 1024 1493 contra
1048 1431 1148 1512 legera

143 1454 322 1570 lirehoniam
337 1511 436 1579 factes,
459 1508 630 1568 memoriam
646 1513 801 1570 obscuram
814 1509 895 1568 secut.
937 1511 1077 1584 Victores
1091 1513 1149 1570 tri·

143 1592 222 1658 burri,
233 1604 268 1649 ut
282 1604 460 1671 presentem
475 1589 643 1650 mercedem
662 1589 774 1667 judicii
782 1587 884 1670 plebes
904 1589 1034 1658 baberet,
1048 1592 1144 1671 legem

143 1670 286 1752 agrariam
318 1671 515 1750 promulgant,
568 1669 771 1748 tributumque
806 1668 933 1728 conferri
968 1669 1143 1748 probibente
1227 1697 1228 1700 ¹

144 1772 237 1831 quum
247 1756 291 1810 tot
302 1751 482 1811 exercitibus
495 1747 644 1826 stipendio
658 1767 732 1827 opus
752 1753 839 1813 esset,
849 1767 956 1825 resque
972 1748 1085 1808 militiae
1101 1750 1148 1811 ita
1227 1799 1228 1812 .

142 1832 282 1912 prospere
310 1840 493 1905 gererentur,
523 1826 663 1886 utnulla
690 1825 769 1885 bello
791 1826 942 1885 veniretur
969 1829 1006 1886 ad
1032 1829 1145 1891 exitum

142 1911 230 1990 spei3
250 1904 380 1988 nouique
405 1908 489 1989 Vejis
513 1913 619 1974 castra,
646 1905 952 1982 quaemissaerant,
966 1917 1146 1998 recuperata
1227 1909 1228 1914 ’

142 1989 276 2050 castellis
285 1989 492 2067 praesidiisque
504 1987 668 2062 lirrnarrtur.
710 1984 866 2044 Praeerant
888 1985 1000 2058 tribuni
1014 1989 1146 2052 militum
1168 2003 1171 2010 '

109 2108 111 2115 ι
142 2069 189 2136 M.
203 2069 346 2128 AEmilius
369 2076 401 2126 et
424 2067 463 2125 K.
490 2064 605 2124 Fabius.
646 2063 693 2122 M.
707 2063 797 2122 Furio
821 2064 852 2124 in
875 2065 1010 2135 Faliscis,
1031 2075 1068 2126 ct
1089 2070 1146 2132 Cu.

142 2149 284 2210 Cornelio
305 2147 336 2206 in
351 2148 504 2228 Capenate
518 2165 588 2225 agro
602 2143 703 2204 hostes
726 2145 801 2210 nulli
815 2151 900 2204 extra
915 2145 1024 2206 ramniu
1040 2146 1145 2208 inven-

142 2231 186 2290 tia
208 2228 319 2309 praedae
342 2236 431 2296 acts,
456 2223 664 2304 incendiisque
689 2223 824 2284 villarum
850 2245 885 2286 ac
899 2225 1146 2311 frugumvastpti

142 2310 237 2372 fines:
257 2309 367 2387 oppida
380 2315 559 2387 oppugnata,
578 2325 635 2364 nec
649 2307 770 2365 obsessa
783 2311 862 2364 suot.
904 2308 946 2364 At
961 2307 991 2364 in
1015 2298 1143 2380 veiseis,

141 2391 323 2471 depopulato
336 2408 415 2468 agro,
442 2391 548 2445 Anxur
561 2383 760 2461 nequicquam
778 2393 990 2466 oppugnatum,
1003 2387 1068 2446 loco
1079 2390 1141 2448 alto

139 2472 254 2538 sitom;
275 2476 315 2539 et,
339 2478 495 2546 postquam
507 2466 558 2522 uis
571 2463 589 2523 ir
599 2466 656 2523 rita
678 2472 751 2531 erat,
765 2461 844 2524 uallo
858 2465 998 2544 fossaque
1013 2466 1141 2528 obsideri

142 2560 286 2627 ceptum.
327 2545 561 2604 ValerioPotito
582 2544 685 2608 Volsci
700 2544 852 2624 pruvincia
875 2554 1028 2608 evenerat.
1070 2547 1140 2608 Hoc

141 2639 224 2687 statu
247 2626 417 2702 militarium
432 2644 539 2691 rerum,
563 2623 671 2683 seditio
684 2625 828 2686 intestina
840 2627 951 2706 niajrrrc
964 2627 1045 2686 ariole
1059 2645 1142 2686 conr·

142 2713 184 2774 ta,
210 2705 300 2781 qulm
324 2705 403 2763 bella
422 2705 652 2774 tractabantur5
673 2711 712 2771 et,
725 2725 823 2782 vquum
846 2706 988 2765 tributum
1012 2704 1140 2768 conteni

143 2805 197 2864 per
209 2785 343 2842 tribunos
356 2801 417 2841 mm
430 2790 542 2860 posset,
566 2801 622 2840 neo
637 2782 818 2858 stipendium
835 2783 1062 2862 imperatoribus
1075 2787 1142 2848 mit·

142 2869 265 2930 teretur,
280 2881 401 2938 aeraque
415 2859 554 2926 militaria
567 2859 716 2941 flagitaret
731 2861 824 2930 rudes,
848 2861 926 2922 haud
949 2865 1055 2944 procul
1065 2871 1139 2934 erat.

140 2944 215 3022 quin
230 2957 329 3011 castre
341 2960 462 3020 quoque
474 2943 594 3000 urbaooe
606 2939 762 3000 seditionis
787 2943 961 3014 contagione
987 2947 1140 3004 turbaren-

142 3030 201 3084 tur.
244 3024 328 3082 lnter
352 3021 406 3082 lta-s
419 3023 479 3088 iras
493 3019 588 3100 plebis
608 3021 640 3079 in
663 3021 775 3088 Patres,
797 3015 891 3100 quuui
914 3011 1140 3106 tribum-plebis

142 3123 223 3165 nunc
237 3101 314 3161 illud
338 3110 455 3179 tempus
477 3118 544 3159 esse
568 3101 704 3178 dicerent
724 3101 910 3177 stabiliendae
934 3101 1089 3172 libertatis,
1109 3109 1139 3162 ct

142 3188 179 3245 ab
194 3182 305 3260 Sergiis
324 3180 525 3262 Virginiisque
538 3180 575 3238 orl
600 3178 728 3258 plebeios
742 3178 820 3240 viros
839 3180 932 3247 fortes
953 3192 1140 3248 austrannus

144 3260 344 3322 transferendi
373 3261 479 3319 sunrmi
501 3259 644 3333 horroris3
664 3277 722 3317 non
747 3263 845 3318 tamen
869 3261 948 3321 ultra
969 3281 1143 3340 processum

141 3353 198 3411 est,
212 3342 300 3418 qussm
321 3349 354 3398 ut
368 3360 446 3399 rinus
456 3359 493 3398 ex
511 3339 607 3418 plebe,
630 3337 791 3416 usurpandi
801 3339 878 3418 juris
893 3348 994 3416 coust,
1008 3341 1044 3402 P.
1057 3341 1139 3407 Lici-

140 3424 210 3482 nius
223 3418 336 3480 Calvus
346 3420 483 3478 tribunus
495 3417 622 3476 militum
637 3417 786 3477 consulari
798 3428 943 3498 potestate
965 3433 1140 3484 crearetur:

141 3502 234 3561 ceteri
247 3498 365 3579 patricii
383 3501 474 3557 creati
489 3499 521 3556 P.
533 3496 589 3556 Mn
601 3491 677 3565 niuei,
691 3498 728 3556 L.
742 3498 883 3568 titinius,
903 3500 937 3560 P.
950 3500 1088 3570 Maelius,
1102 3501 1138 3564 L

140 3583 250 3642 Furius
269 3578 469 3644 Medullinus,
492 3581 527 3636 b.
541 3576 686 3636 Publilius
698 3575 835 3639 Volscus.
875 3579 945 3660 Ipsa
966 3581 1071 3660 plebes
1083 3580 1139 3640 nt

139 3666 268 3725 rebatur,
281 3677 314 3716 se
325 3666 438 3718 tanturn
455 3676 514 3715 rem
529 3658 691 3716 obtinuisse
703 3677 712 3726 ;
733 3677 791 3716 non
805 3657 830 3716 is
843 3659 938 3728 ruodl,
951 3665 1004 3738 qui
1017 3667 1137 3722 creatus

138 3755 214 3807 erret,
241 3738 286 3795 vir
300 3736 392 3794 nullis
412 3741 481 3796 ante
502 3735 660 3794 lmrroribus
673 3756 753 3806 usus,
777 3744 861 3796 retus
874 3745 991 3798 tantum
1006 3752 1139 3810 senator.

139 3824 267 3875 etrerate
277 3817 339 3894 jam
361 3815 470 3894 gravis.
509 3816 577 3874 Nec
598 3817 671 3875 satis
686 3823 811 3885 constat,
824 3835 877 3876 cur
890 3820 1002 3898 primus
1022 3839 1060 3878 ac
1080 3839 1137 3900 po·

138 3891 269 3966 tissimus,
294 3894 334 3965 eu
357 3914 469 3961 uerum
479 3893 675 3968 delibandum
686 3897 828 3965 bonorem
839 3896 880 3966 sit
899 3897 1028 3964 babitus.
1065 3897 1136 3968 ¹ubl!
