2634 4392
575 285 756 374 urrann.
1111 285 1170 358 aas
1215 267 1220 276 '

171 459 315 525 simeone
334 467 437 522 traete
455 455 527 526 vta,
553 469 588 516 ae
603 459 680 516 tueri
696 474 728 516 se
742 457 780 516 ab
791 455 938 517 exteriore
950 447 1089 536 poterant
1101 454 1168 515 lios·

140 534 145 544 ¹
168 552 201 605 te
215 549 303 611 3'una
318 560 385 619 spes
399 545 473 612 erat,
501 537 526 598 si
550 555 586 596 ex
603 537 761 616 majoribus
775 535 881 596 castris
895 538 1111 615 subueniretur,
1137 537 1170 597 ul

168 623 296 682 diverse
325 620 464 700 legiones,
486 617 724 677 alie'adrersns
747 610 930 694 Capenatem
952 635 987 675 ae
1011 615 1099 674 Falisi
1132 638 1169 685 m,

170 703 238 764 alia>
255 706 358 759 contra
372 699 557 779 eruptionem
571 696 786 775 oppidanorum
809 705 982 774 pugnarent.
1024 697 1082 754 Sed
1105 716 1169 756 ras-

167 782 224 841 tris
240 788 368 861 praeerat
383 779 544 858 Virginius,
567 775 704 858 privatim
719 775 822 856 Sergio
836 775 950 833 invisus
965 774 1169 854 infestusqom

167 859 204 928 is,
229 877 320 940 quum
343 861 485 939 pleraque
505 855 630 918 castella
649 866 829 936 oppugnata,
856 866 1011 934 superatas
1034 859 1170 914 minutio-

164 955 229 1009 nes,
247 941 386 1020 utrinque
407 938 508 997 invehi
523 939 636 996 bostem
665 936 866 1002 nuntiaretur,
894 935 1034 995 inarmis
1063 937 1170 994 milites

165 1022 287 1081 lenuit=
308 1020 332 1080 si
358 1039 431 1098 opus
447 1017 522 1076 foret
536 1016 655 1085 auxilio,
680 1017 823 1088 collegam
839 1011 982 1073 dictitans
996 1017 1032 1071 ad
1054 1037 1085 1072 se
1101 1015 1187 1089 uris-l

164 1120 280 1160 surum.
303 1099 422 1178 liujus
444 1096 643 1176 arrogantiam
667 1095 832 1175 pertinacia
859 1094 983 1154 alterius
1010 1099 1171 1171 requabnt3

164 1179 227 1260 qui,
250 1201 287 1238 ne
302 1199 389 1258 quam
409 1196 502 1257 opem
527 1179 563 1235 ab
588 1176 708 1235 inimico
735 1175 886 1236 videretur
900 1175 1114 1251 petisse,.n'nci
1134 1179 1170 1234 ab

164 1259 259 1327 hoste,
284 1262 373 1339 qu‘rn
390 1257 508 1334 vincere
523 1277 575 1338 per
590 1257 695 1324 civem,
718 1256 831 1314 moluit.
872 1255 929 1313 Diu
946 1255 977 1317 in
1000 1253 1096 1313 medio
1110 1275 1172 1314 cse-

164 1339 191 1400 si
222 1339 355 1408 niilites3
387 1340 544 1418 postrein‘,
572 1336 699 1396 desertis
727 1334 951 1417 munitionibus,
968 1335 1115 1470 perpauci
1140 1333 1170 1394 in

163 1420 280 1496 majora
294 1426 401 1482 castra,
418 1437 484 1494 pars
500 1419 627 1476 iriaxima
641 1428 731 1493 atque
745 1416 809 1494 ipse
825 1415 945 1494 Sergius
995 1435 1090 1472 turriani
1105 1435 1171 1492 per·

163 1504 217 1558 ten
231 1499 349 1564 lerunt;
371 1497 419 1554 ubi
443 1515 535 1572 quum
557 1515 674 1553 omnem
699 1495 815 1570 culpam
832 1494 864 1552 in
886 1494 1027 1572 collegam
1044 1495 1157 1555 inclina

162 1587 220 1643 ret,
235 1577 326 1636 acciri
346 1575 509 1649 virginium
525 1593 562 1634 ex
576 1573 694 1641 castris,
706 1573 820 1631 interea
835 1594 965 1652 praesse
978 1575 1091 1654 legatos
1106 1576 1156 1654 pla

115 1699 120 1710 .
163 1660 237 1716 cuit.
280 1661 359 1716 Acta
385 1654 495 1714 deinde
520 1654 551 1711 in
573 1661 680 1714 senatu
704 1672 751 1710 res
776 1661 831 1719 est,
860 1665 1064 1732 certatumque
1092 1655 1170 1714 inter

165 1737 298 1809 collegas
326 1733 518 1802 maledictis3
541 1731 627 1811 pauci
651 1729 834 1811 reipublicae,
861 1730 928 1790 huic
943 1739 1034 1810 atque
1056 1733 1111 1800 illi,
1138 1740 1171 1796 nt

166 1809 303 1894 quosque
319 1817 449 1874 studium
467 1811 603 1890 privatim
625 1817 678 1872 aut
691 1810 787 1891 gratia
801 1820 1032 1891 occupaverunt,
1052 1815 1171 1874 adsunt.

207 1895 263 1953 lx.
285 1893 434 1952 Primores
450 1894 582 1958 Petrum,
611 1891 674 1950 sive
689 1891 779 1969 culpi
804 1889 867 1950 sire
886 1890 1064 1952 infelicitate
1078 1894 1172 1972 inipe-

166 1981 300 2033 rutorum
328 1981 388 2032 tam
413 1971 608 2057 ignominiosa
631 1971 733 2030 clades
756 1976 880 2049 accepta
904 1980 994 2040 esset,
1018 1987 1172 2044 censuere,

164 2063 183 2090 ‘⁸
197 2053 268 2111 Non
283 2052 516 2130 exspectandum
537 2053 653 2128 justum
681 2058 799 2129 ternpus
822 2050 1018 2118 comitiorum,
1046 2055 1097 2111 sed
1120 2075 1172 2113 er-

167 2131 283 2211 templo
305 2151 396 2190 novos
411 2129 542 2189 tribunos
566 2129 693 2189 militum
709 2130 854 2189 creandos
869 2130 943 2199 esse,
957 2131 1008 2210 qui
1026 2133 1171 2194 Kalendis

169 2211 351 2275 Octobribus,
364 2209 566 2302 magistratum
582 2206 785 2288 occipor·ent.”
826 2211 862 2269 ln
884 2231 972 2289 quam
994 2211 1171 2274 seutentiam

168 2311 263 2370 quum
278 2289 403 2370 pedibus
417 2295 521 2357 iretur,
541 2285 634 2348 citeri
647 2288 759 2349 tribuni
784 2289 912 2348 militum
927 2290 998 2349 nihil
1023 2293 1171 2352 contradi·

167 2387 259 2440 cere3
281 2377 312 2430 at
333 2369 482 2428 enimvero
498 2369 618 2450 Sergius
633 2368 854 2460 Virginiusque,
882 2380 1001 2450 propter
1014 2391 1088 2448 quos
1109 2393 1172 2462 pce·

163 2451 264 2510 nitere
288 2448 516 2529 magistratuum
545 2452 609 2530 ejus
631 2469 703 2524 anni
724 2462 859 2508 senatum
882 2452 1051 2530 apparebat,
1075 2453 1172 2532 prmib

162 2529 321 2609 deprecari
335 2529 536 2610 ignominiam,
561 2529 670 2588 deinde
685 2529 873 2587 intercedere
888 2531 1146 2591 senatusconsulto
1162 2555 1169 2592 ι
1209 2538 1213 2548 “

162 2627 285 2688 negare,
310 2629 342 2668 se
364 2620 434 2669 ante
458 2608 530 2668 ldus
554 2611 745 2676 Decembres,
773 2608 925 2668 solennem
949 2609 1086 2670 ineundis
1108 2633 1170 2671 nia·

161 2689 338 2770 gistratibus
363 2689 452 2757 diem,
476 2687 587 2748 honore
612 2689 744 2747 abituros
759 2708 833 2747 esse.
875 2691 961 2747 lnter'
978 2688 1042 2749 hirc
1058 2691 1170 2752 tribuni

163 2767 271 2849 plebis,
286 2789 376 2847 quum
391 2769 423 2828 in
436 2768 596 2828 concordia
610 2766 760 2826 hominum
777 2767 977 2848 secundisque
992 2773 1080 2830 rebus
1095 2771 1169 2830 rivi·

162 2848 237 2908 tatis
251 2847 337 2907 inriti
352 2848 502 2910 silentium
518 2849 695 2915 tenuissent,
723 2847 838 2906 feroces
859 2851 980 2927 repent&
995 2849 1101 2909 minari
1116 2852 1174 2917 tria

162 2927 251 2988 bunis
267 2928 403 2996 militum,
428 2927 484 2988 uisi
505 2927 536 2986 in
551 2927 728 2986 auctoritate
743 2934 867 2986 senet-*s
881 2936 990 2997 essent,
1011 2930 1086 2988 sein
1103 2931 1167 2990 riu'-

163 3008 292 3066 culaeos
307 3007 377 3066 duci
387 3010 526 3088 jussuros
541 3025 616 3066 esse.
657 3007 686 3064 T
688 3024 736 3064 um
749 3006 786 3065 C.
801 3006 944 3067 Servilius
963 3007 1059 3068 Ahala
1074 3011 1167 3070 tribu·

163 3107 221 3146 nus
238 3088 363 3146 militum
380 3107 388 3145 ι
408 3087 523 3160 “Quod
546 3087 583 3145 ud
599 3106 652 3146 ros
674 3085 791 3154 attinet,
806 3085 917 3145 tribuni
931 3087 1035 3168 plebis,
1055 3089 1167 3150 minas*

163 3187 224 3246 que
239 3175 361 3236 vestras,
374 3187 421 3226 nae
437 3188 491 3247 ego
506 3165 632 3226 libenter
646 3165 804 3244 experirer,
818 3185 857 3243 qu
867 3166 908 3224 im
922 3187 980 3226 lion
995 3167 1062 3246 plus
1076 3168 1106 3227 in
1120 3170 1166 3231 his

158 3246 247 3324 juris,
261 3268 300 3326 qu
310 3249 352 3306 {ni
367 3247 397 3304 in
408 3251 490 3306 vobis
505 3246 605 3315 animi,
617 3255 706 3304 esset.
748 3245 805 3304 Sed
823 3245 906 3305 nefas
921 3253 968 3305 est
979 3248 1101 3308 tendere
1111 3251 1165 3310 ad·

164 3345 270 3388 versus
285 3326 494 3388 auctoritatem
508 3332 650 3397 senatum
674 3325 796 3417 proinde
820 3333 851 3384 et
872 3345 924 3385 ros
945 3327 1072 3387 desinite
1086 3329 1166 3391 inter

163 3416 267 3466 nostra
288 3405 452 3466 certamina
472 3405 570 3465 locum
593 3406 711 3484 injunae
733 3421 890 3484 querere:
910 3413 942 3465 et
968 3407 1091 3481 collegia
1112 3416 1165 3471 aut

161 3485 284 3554 laciont,
312 3487 391 3564 quod
406 3493 510 3544 censet
524 3495 656 3553 senatus,
681 3492 742 3553 aut,
768 3484 793 3544 si
821 3485 1004 3564 pettinarists
1028 3491 1163 3559 tendent,

162 3565 337 3626 dictatorem
353 3565 503 3646 extemplo
517 3564 625 3633 dicam,
640 3564 690 3642 qui
706 3585 757 3623 eos
769 3563 849 3623 abire
859 3566 1033 3647 magistratu
1045 3569 1163 3650 cogar.”

164 3645 263 3718 Quum
277 3645 404 3704 omnium
420 3663 544 3706 assensu
558 3645 748 3726 comprobata
761 3644 854 3704 oratio
867 3654 956 3715 esset,
982 3648 1161 3719 gauderent·

163 3743 220 3804 que
245 3727 357 3793 Patres,
385 3725 449 3785 sine
474 3724 638 3786 tribuniciis
659 3722 817 3805 potestatis
840 3725 994 3785 terriculis*
1010 3727 1162 3791 inventam

164 3821 227 3862 esse
252 3805 339 3864 uliam
362 3804 421 3864 rim
437 3807 575 3884 nmjurem
596 3803 634 3864 ad
650 3804 832 3864 coercendus
857 3806 1068 3887 magistratum
1090 3809 1161 3872 victl

165 3893 311 3948 censensu
325 3886 455 3946 oiirnium
470 3883 590 4024 canania
611 3884 795 3946 tribunorum
808 3884 937 3950 militum
956 3886 1160 3971 babuerantl
