2634 4392
1225 268 1229 307 i

563 299 699 362 LIBER
712 300 739 360 1.
1114 303 1155 361 49
1227 336 1228 363 ;

145 463 326 531 Ferentinae,
340 465 424 522 crate
438 459 567 542 superna
581 458 697 554 injecta
711 457 853 538 saxisque
863 458 1027 541 congestis,
1035 478 1152 542 merge·

144 551 257 684 retdid'l.
279 615 440 688 Revocatis
454 620 565 682 deinde
585 619 624 682 ad
638 618 801 680 concilium
815 616 944 691 Latinis,
958 617 1154 698 Tarquinius,

146 703 396 782 collaudansque,
416 701 468 781 qui
498 701 637 762 Turnum
657 705 820 760 novantem
849 719 898 758 res
918 718 975 778 pro
994 699 1154 760 manifesto
1227 728 1228 739 κ

145 783 307 866 parricidio
322 782 430 842 rnerita
445 789 535 862 poenta
549 779 731 849 affecissent,
744 779 788 839 ita
800 781 892 839 verba
899 777 998 838 tecit:
1030 789 1047 815 ‘⁴
1061 780 1154 840 Posse

145 863 268 944 quidem
282 883 315 924 se
329 869 449 922 vetusto
464 863 534 942 jure
555 879 653 943 agere,
667 860 760 940 quad,
773 879 866 939 quum
879 878 984 920 omnes
999 859 1103 921 Latini
1117 862 1154 920 ab

146 944 228 1006 Alba
240 943 358 1006 oriundi
372 942 442 1012 sint,
455 941 487 1002 in
506 961 541 1002 eo
551 941 668 1003 saedere
679 946 850 1008 teneantur,
867 959 928 1018 quo
941 941 979 998 ab
993 939 1086 999 Tutin
1105 959 1154 1000 res

147 1024 243 1084 omnis
265 1023 384 1084 Albana
397 1031 467 1082 c'urn
483 1020 597 1082 colonis
610 1019 724 1081 suis—<iu
737 1020 906 1080 Romanum
923 1020 1049 1080 cesserit
1059 1020 1154 1101 impe-

146 1103 233 1162 rium.
276 1104 429 1166 caeterum
443 1123 477 1162 sa
492 1100 634 1162 utilitatis
656 1101 688 1160 id
709 1100 803 1181 magis
824 1098 957 1161 omnium
970 1106 1063 1159 causa
1084 1119 1155 1160 cen·

147 1204 221 1253 sere,
236 1183 481 1246 utrenovetur-id
496 1181 615 1251 foedus3
636 1181 831 1259 secundaque
846 1178 1080 1262 potidsfortuua
1100 1199 1154 1260 po·

148 1263 211 1344 puli
223 1264 351 1324 Romani
362 1269 398 1324 ut
411 1262 571 1345 participes
586 1261 688 1322 Latini
701 1261 849 1331 fruantur,
867 1261 959 1340 quam
970 1259 1090 1320 urbium
1103 1279 1156 1319 ex·

146 1343 225 1406 cidia
239 1344 481 1424 vastationesque
495 1363 642 1425 agrorum,
666 1363 742 1422 quas
757 1345 844 1402 Anco
857 1341 952 1422 priuis,
972 1346 1058 1419 patre
1070 1339 1156 1399 dein-

146 1423 182 1484 de
197 1444 254 1484 suo
268 1431 422 1504 regnante,
487 1423 582 1516 rpessi
603 1423 673 1492 sint,
697 1443 815 1504 semper
834 1429 887 1482 aut
900 1425 1088 1501 exspectent,
1101 1425 1158 1480 aut

147 1504 335 1594 patiantur.”
377 1444 642 1565 Handedrfficulter
655 1523 831 1584 persuasum
845 1500 973 1570 Latinis,
982 1519 1155 1580 quanquam

146 1603 174 1642 m
189 1603 226 1644 eo
240 1583 353 1644 suadere
376 1584 511 1666 superior
535 1585 672 1645 Romana
684 1603 733 1644 res
746 1590 831 1653 erat;
852 1583 996 1643 caeterdm
1011 1588 1042 1642 et
1056 1580 1157 1681 capita

146 1663 276 1724 nominis
288 1663 392 1724 Latini
415 1671 495 1724 stare
508 1685 544 1724 ac
567 1664 679 1724 sentire
692 1683 762 1723 cum
783 1683 853 1743 rege
867 1662 1018 1730 uidebant,
1029 1668 1061 1720 et
1074 1661 1156 1720 'lur-

146 1761 204 1803 nus
225 1742 271 1803 sui
291 1743 400 1823 cuique
414 1743 550 1824 periculi,
563 1743 589 1802 si
599 1743 776 1803 adversatus
786 1748 876 1810 esset,
895 1747 1089 1800 recenserat
1102 1741 1156 1800 do·

146 1830 329 1884 cumentum.
370 1825 419 1883 Ita
438 1831 614 1883 renovatum
634 1823 745 1892 fredus,
769 1821 977 1900 indictumque
986 1819 1156 1899 junioribus

146 1903 333 1974 Latinorum,
346 1910 382 1964 ut
395 1903 559 1964 exioedere
572 1903 622 1964 die
636 1910 719 1964 certa
744 1904 782 1964 ad
797 1903 899 1962 lucum
921 1899 1094 1962 Ferentinae
1107 1920 1156 1960 ar·
1227 1970 1228 1975 η

145 1982 218 2042 rusti
240 1983 413 2062 frequentes
434 1984 585 2045 adessent.
626 1983 685 2059 Qui
698 1983 798 2043 ubiad
820 1983 954 2044 edictum
966 1980 1095 2041 Romani
1107 2000 1156 2042 re·

145 2062 190 2141 gis
209 2081 249 2122 ex
263 2062 542 2153 omnibnsupopulis
561 2081 748 2133 convenam
775 2083 815 2122 ne
838 2063 948 2122 ducem
961 2081 1059 2129 suurn,
1079 2080 1155 2120 neve
1199 2081 1208 2092 ·

146 2151 298 2202 secretum
312 2143 479 2221 imperium,
505 2141 663 2221 propriave
686 2142 936 2222 signahaberent,
958 2139 1081 2200 miscuit
1093 2161 1156 2201 ma·

145 2221 265 2302 nipulos
276 2239 314 2280 ex
335 2219 454 2280 Latinis
469 2214 682 2300 Romanisque,
695 2231 729 2279 ut
742 2241 779 2280 ex
792 2220 871 2280 binis
886 2221 1020 2300 singulos
1031 2219 1155 2290 faceret,

144 2301 291 2394 trinusque
317 2321 355 2360 ex
376 2299 521 2381 singulis3
542 2301 584 2360 ita
608 2299 768 2382 geminatis
781 2299 942 2381 manipulis
963 2297 1155 2360 centuriones

145 2402 155 2440 ι
216 2388 372 2530 lepram&
394 2465 429 2519 ut
441 2461 572 2541 injustus
586 2460 618 2520 in
639 2479 714 2542 pace
733 2480 796 2531 rex,
818 2459 863 2521 ita
875 2459 936 2519 dur
950 2459 1022 2520 belli
1043 2464 1154 2540 pravus

144 2539 220 2610 fuit;
241 2541 315 2620 quin
329 2547 366 2600 eia
388 2547 452 2602 arte
473 2547 625 2620 aequasset
639 2541 806 2622 superiores
828 2560 923 2622 reges,
935 2539 967 2600 ni
988 2540 1154 2621 degenera-

144 2628 209 2680 tum
230 2620 262 2680 in
283 2620 350 2680 aliis
363 2619 432 2679 huic
454 2639 580 2701 quoque,
597 2620 699 2681 decori
713 2620 871 2682 offecisset
911 2622 943 2679 ls
953 2619 1067 2699 primus
1081 2619 1154 2681 Vol-

145 2701 205 2760 scis
225 2701 337 2760 beilum
351 2702 383 2760 in
404 2701 551 2762 ducentos
568 2699 701 2781 amplius
713 2706 782 2781 pest
805 2719 890 2760 suam
912 2706 1034 2762 aetatem
1058 2719 1154 2762 anuos

144 2780 246 2850 movit„
271 2781 471 2860 Suessamque
493 2781 658 2846 Pometiam
679 2802 717 2842 eu
736 2780 782 2841 his
802 2780 833 2840 vi
854 2779 956 2861 cepit;
986 2778 1036 2840 ubi
1061 2800 1155 2859 quum

145 2859 310 2920 dividenda
324 2860 430 2940 pradia
443 2860 641 2940 quadraginta
667 2862 783 2921 talenta
795 2861 913 2942 argenti
926 2859 1051 2940 aurique
1075 2859 1154 2922 rese·
1225 2906 1226 2961 p

145 2939 257 3032 cisseta
279 2939 419 3017 concapit
429 2939 527 3030 animo
538 2959 603 3000 earn
614 2941 842 3020 amplitudinem
863 2940 946 3001 Jovis
959 2940 1072 3032 tempii,
1082 2961 1153 3020 quae

145 3019 236 3100 digua
251 3021 347 3079 Derim
363 3018 574 3096 hominumque
597 3039 677 3099 rege,
690 3039 760 3098 qnae
776 3021 912 3080 Romano
930 3021 1063 3110 imperia,
1083 3039 1154 3113 quae

143 3098 238 3180 ipsius
259 3099 348 3159 etiarn
373 3097 432 3157 loci
452 3100 608 3177 majestate
634 3105 723 3158 esset.
764 3090 1154 3240 Cappivamtpcelcunpamuu
1225 3116 1226 3163 i

840 3197 927 3260 xcepu
980 3199 1031 3239 eru
1053 3199 1154 3241 ceum
1216 3239 1221 3244 ,

146 3179 378 3240 edificationem
406 3180 471 3257 ejus
495 3178 599 3260 templi
620 3178 763 3260 seposuit.

143 3259 256 3320 lentius
280 3277 333 3340 spe
353 3257 548 3338 bellumque
563 3259 684 3329 Gabios,
698 3259 895 3352 propinquam
905 3261 1017 3328 urbem,
1027 3261 1152 3339 nequic-

1223 2698 1226 2757 t

143 3359 237 3420 quam
251 3339 281 3400 vi
300 3339 432 3408 adortus,
446 3359 538 3419 quum
552 3340 709 3400 obsidenda
733 3361 852 3421 quoque
865 3343 997 3401 urbemn
1057 3342 1152 3420 ‘pulsa
1223 3338 1225 3415 j

142 3417 333 3480 amenitas
348 3421 488 3499 adempta
500 3425 589 3488 esset,
613 3427 765 3500 postrema
788 3421 911 3480 minime
929 3426 993 3480 arte
1084 3440 1152 3491 ana,
1224 3426 1225 3449 ³

141 3498 299 3560 fraudeac
312 3500 388 3570 dolo,
410 3518 567 3580 aggressus
587 3507 652 3570 est3
674 3520 743 3560 nam
756 3521 859 3592 quum,
873 3501 957 3560 velut
980 3501 1152 3581 positobel·
1224 3574 1225 3577 Ἴ

141 3580 180 3650 lo,
209 3577 412 3640 fundamentis
426 3579 530 3659 templi
547 3578 697 3660 jaciendis
722 3580 851 3659 aliusque
872 3579 991 3641 urbanis
1014 3583 1152 3661 operibus
1224 3602 1225 3609 ¹

142 3659 295 3721 intentum
317 3677 349 3718 se
363 3679 427 3724 esse
440 3660 604 3729 simularet,
618 3661 737 3720 ¹Sextus
750 3660 830 3720 filius
843 3661 918 3740 ejus,
931 3660 985 3740 qui
1010 3661 1152 3726 minimus
1224 3668 1225 3729 Q

143 3759 179 3801 ex
195 3741 290 3800 tribus
306 3745 378 3806 erat,
401 3739 563 3820 transfugit
576 3759 613 3800 ex
640 3741 805 3820 composito
823 3739 1060 3831 Gabios-patris
1075 3742 1106 3801 in
1117 3763 1151 3805 se

144 3821 293 3883 saeuitiam
304 3819 741 3960 inmierabilemsscoaquerenm
761 3822 904 3884 “Jamab
922 3821 1149 3888 aherusiusuos
