2634 4392
139 306 200 363 ses
560 302 600 364 r.
613 301 722 389 nnn

793 392 804 421 t.

135 458 223 553 apud
244 459 432 529 Hostium,
453 460 590 554 petriciae
613 461 711 544 gentis
725 457 986 533 vimmindonto,
1008 444 1153 543 prolato-

142 558 201 631 que
215 560 248 602 rn
259 541 443 610 concionem,
456 560 488 599 m
498 562 530 601 re
539 544 627 621 juxta
639 540 902 623 manifestaatque
915 542 1019 612 atroci,
1040 544 1154 607 Ctlu·

138 618 198 679 hus
212 621 362 681 decemvir
375 620 457 680 diem
477 622 574 681 Sestio
589 622 684 691 dixit;
706 629 737 681 et
758 630 914 683 accusator
937 624 975 683 ad
996 624 1152 704 populum

134 699 262 769 exstitit,
285 703 372 783 cujus
395 702 438 759 rei
457 701 552 780 judex
575 700 724 783 legitimus
746 709 832 764 erat:
863 702 1055 782 decessitque
1071 706 1151 783 jore

137 796 201 847 suo,
211 787 249 840 ut
262 780 415 860 demptum
429 780 468 840 de
480 780 508 840 vi
522 782 716 863 magistrates,
725 781 827 863 populi
841 782 970 843 libertati
983 783 1151 862 adjiceret.

175 858 319 930 XXXIV,
340 862 439 934 Quum
459 871 627 940 promptum
648 862 702 921 boc
718 864 769 943 jus
786 862 868 923 velut
891 882 927 927 ex
944 863 1071 923 oraculo
1093 862 1151 923 in'-

138 947 310 1021 corruptum
375 940 449 999 riter
469 942 513 1008 ab
538 940 584 1001 bis
612 942 719 1001 sommi
743 940 907 1021 infimique
925 942 1050 1010 ferrent,
1078 950 1151 1003 tum

135 1016 251 1100 legibus
271 1025 329 1079 con
352 1020 438 1080 endis
458 1041 548 1101 opera
561 1020 708 1084 dabatur:
728 1021 901 1103 ingentique
914 1022 1067 1083 hominum
1088 1042 1149 1083 ex·

136 1097 322 1179 spectatione
335 1099 495 1181 propositis
509 1103 614 1161 decem
624 1101 745 1170 tabulis,
759 1102 898 1181 populum
913 1101 952 1161 ad
966 1102 1149 1163 concionem

134 1178 376 1242 advocaveruntz
396 1186 437 1249 et,
460 1181 566 1260 “qnod
589 1182 851 1261 bonum-faustum,
873 1182 1007 1260 felixque
1022 1182 1148 1256 reipub·

134 1255 214 1327 licoe,
233 1260 315 1340 ipsis,
336 1260 496 1339 liberisque
509 1280 612 1319 eorum
626 1266 715 1329 esset,
739 1260 792 1329 ire,
805 1268 840 1321 et
852 1262 952 1343 legere
966 1263 1051 1343 leges
1073 1282 1146 1343 pro-

134 1337 270 1417 positas'?
286 1342 415 1419 jussere.
454 1351 473 1377 “
484 1341 532 1409 Se,
552 1347 698 1418 quantum
718 1340 824 1402 decem
838 1340 990 1405 bominum
1011 1342 1146 1423 ingeniis

133 1418 285 1498 provideri
298 1416 436 1500 poluerit,
460 1420 597 1479 omnibus
617 1417 742 1499 summis
755 1419 925 1502 infimisque
944 1424 1015 1503 juro
1030 1428 1146 1501 eques·

134 1516 187 1568 se;
207 1500 276 1579 plus
295 1500 408 1579 pollere
430 1498 734 1581 multorunoingenia'
748 1500 941 1581 consilioque.
971 1502 1143 1565 uersarent

133 1575 285 1638 inanimis
307 1599 408 1640 secum
429 1589 668 1659 unamquamque
682 1601 741 1639 rem
753 1600 762 1649 ;
776 1578 925 1661 agitarent
942 1581 1055 1642 'deinde
1073 1600 1144 1643 scr·

133 1657 288 1718 monibus=
309 1665 400 1737 atque
420 1658 452 1718 in
464 1658 746 1739 medium,·quid.in
760 1680 882 1739 qusque
894 1680 926 1729 re
941 1654 1009 1741 plus
1023 1661 1145 1723 minus·

134 1744 278 1807 veesset,
295 1735 475 1799 conferrent.
515 1740 576 1799 Eas
596 1739 676 1821 leges
690 1738 856 1801 habiturum
871 1742 1011 1822 populum
1026 1741 1145 1803 Roma-

133 1836 217 1887 num,
243 1839 319 1897 ques
342 1838 506 1880 consensus
533 1820 664 1880 omnium
691 1839 752 1893 non
773 1818 901 1899 jussisse
930 1821 1006 1880 latas
1034 1820 1145 1901 magis,

133 1899 225 1975 qudm
245 1898 361 1968 tulisse,
382 1898 479 1960 videri
492 1900 625 1979 posset.’'
665 1900 766 1973 *Quum
787 1900 825 1959 ad
840 1918 970 1961 rumores
984 1899 1145 1963 bominum

134 1976 174 2036 de
194 1997 374 2056 unoquoque
387 1979 487 2059 legum
509 1977 608 2059 capite
631 1978 720 2039 edito
735 1978 807 2038 setis
829 1985 968 2040 correctae
994 1978 1145 2041 rideren-

133 2061 193 2126 tur,
225 2058 401 2119 centuriatis
427 2056 554 2120 comitiis
578 2058 682 2119 decem
706 2060 874 2122 tabularum
901 2060 981 2140 leges
1006 2060 1141 2139 perlatae

134 2145 205 2197 sunt
217 2157 225 2195 ι
245 2138 296 2217 qni
311 2159 391 2200 nnnc
405 2159 534 2219 quoque;
548 2138 579 2197 in
591 2138 647 2199 boc
661 2138 806 2199 immenso
820 2139 944 2201 aliarum
959 2158 1048 2219 super
1061 2139 1143 2201 alias

133 2223 340 2279 acervatarum
352 2220 450 2300 legum
463 2220 591 2288 cumulo,
603 2218 671 2278 fons
682 2216 778 2279 omnis
788 2220 899 2299 publici
911 2217 1079 2301 privatique
1090 2227 1142 2281 est

128 2296 218 2377 juris.
256 2299 529 2381 Vulgstnrdeinde
543 2319 652 2367 rumor,
667 2299 742 2359 duas
756 2300 859 2359 deesse
869 2300 1008 2369 tabulas3
1026 2299 1141 2377 quibus

132 2377 270 2458 adjectis,
291 2380 404 2440 absolvi
418 2400 505 2461 posse
514 2380 599 2439 velut
608 2379 822 2459 corpusomnis
830 2378 956 2457 Romani
962 2378 1050 2458 juris
1092 2380 1141 2439 Ea

133 2459 325 2539 exspectatio,
337 2481 430 2539 quum
445 2460 509 2521 dies
524 2458 707 2519 comitiorum
723 2457 1141 2541 appropinquaretdesideri·

132 2557 185 2596 um
206 2539 391 2599 decemviros
415 2540 525 2601 iterum
547 2540 669 2601 creandi
683 2540 763 2600 fecit.
798 2540 868 2600 dam
891 2540 985 2619 plebs,
1008 2544 1140 2619 prae‘oer-

133 2622 224 2695 quam
246 2619 327 2698 quod
342 2622 497 2680 consulum
510 2638 630 2689 nomen,
642 2619 722 2681 baud
737 2640 823 2681 secus
837 2620 927 2699 quim
943 2638 1059 2699 regom,
1081 2636 1139 2699 pe-

132 2716 201 2759 rosa
221 2706 293 2767 erat,
312 2718 349 2759 ne
370 2699 562 2760 tribunicium
582 2700 703 2779 quidem
726 2699 881 2779 auxilium,
907 2698 1083 2759 cedentibus
1103 2696 1138 2761 in

131 2777 229 2838 vicem
244 2779 443 2859 appellatione
456 2777 643 2847 decemviris,
655 2781 819 2857 quaerebat.
919 2778 920 2785 '

173 2859 298 2918 XXXV.
319 2858 480 2938 Postquam
509 2859 580 2917 verb
600 2858 722 2919 comitis
745 2857 923 2918 decemviris
944 2856 1083 2919 creandis
1104 2856 1139 2917 in

118 2937 244 3018 ⁴trinum
272 2938 441 2998 nundinum
461 2937 574 2998 indicta
594 2943 686 3009 sunta
705 2944 792 2999 tants
812 2938 924 2999 exarsit
950 2938 1081 3007 ambitio,
1100 2944 1139 2997 ut

113 3035 115 3040 ’
133 3017 277 3112 primores
297 3039 416 3099 quoque
437 3018 567 3079 civitatis
592 3016 685 3157 &metu
708 3018 807 3089 credo,
829 3038 867 3078 ne
888 3018 965 3077 tanti
986 3015 1139 3098 possessio

89 4194 118 4223 k

133 3118 260 3184 smperu,
273 3120 369 3161 vacuo
381 3101 419 3159 ab
432 3120 465 3160 se
478 3099 585 3159 relicto
617 3120 681 3169 oco,
703 3097 785 3161 baud
797 3098 870 3157 setis
891 3098 989 3179 dignis
1003 3100 1136 3180 pateret)

133 3186 310 3259 prensarent
329 3180 483 3250 homines3
501 3180 652 3249 honorem,
677 3185 790 3239 summe
811 3197 865 3257 ope
888 3178 905 3235 sl
926 3198 965 3238 se
979 3178 1139 3259 impugna-

132 3266 207 3328 tum,
220 3263 258 3319 nb
270 3281 306 3320 ea
318 3261 414 3339 plebe,
428 3280 497 3319 com
510 3281 570 3339 qua
584 3258 809 3327 contenderant,
833 3257 1008 3339 suppliciter
1030 3269 1138 3338 peten-

133 3344 190 3399 tes.
231 3340 368 3401 Demisse
384 3341 448 3419 jam
469 3340 500 3399 in
521 3339 682 3399 discrimen
704 3338 843 3419 dignitas,
864 3346 900 3399 ee
915 3343 1014 3407 oetate,
1038 3338 1139 3417 iisque

132 3417 291 3481 bonoribus
305 3421 391 3490 actis,
411 3420 582 3488 stimulabat
599 3418 846 3499 prlaudium3
867 3417 1009 3487 nescires,
1033 3424 1138 3483 utrum

134 3501 213 3561 inter
226 3500 420 3569 decemviros,
442 3521 480 3562 en
493 3500 572 3560 inter
585 3498 771 3568 candidatos,
790 3517 971 3559 numerares.
984 3496 986 3501 ‘
1011 3496 1139 3578 Propior

134 3580 283 3643 interdum
298 3580 437 3661 petendo,
455 3583 548 3659 quim
561 3580 702 3663 gerendo,
723 3576 908 3661 magistratui
928 3584 994 3637 erat
1004 3596 1013 3650 ς
1035 3576 1139 3637 crimi-

134 3663 200 3723 nari
220 3663 387 3743 optimates,
408 3662 552 3721 extollere
573 3660 799 3740 candidatorum
827 3658 1007 3717 levissimum
1029 3676 1137 3736 qucrn-

133 3761 193 3810 ‹me
212 3742 489 3820 humillimumque3
508 3740 573 3821 ipse
594 3740 709 3801 medius
731 3739 810 3799 inter
828 3736 1003 3797 tribunicios
1016 3736 1137 3797 Duilios

133 3821 295 3903 Iuliusque
315 3823 346 3883 in
360 3822 425 3881 foro
436 3820 571 3889 volitare,
592 3841 645 3900 per
665 3820 732 3879 illos
746 3838 779 3879 se
793 3817 871 3897 plebi
887 3818 1058 3878 venditare:
1080 3817 1136 3877 do·

130 3918 187 3963 nec
201 3904 325 3985 collegae
340 3914 469 3985 quoqne,
493 3901 547 3982 qui
558 3900 647 3962 unici
657 3899 704 3965 illi
717 3898 812 3963 dediti
825 3898 996 3964 iuuentuti
1008 3896 1042 3957 id
1055 3902 1134 3960 ten-
