<?xml version="1.0" encoding="UTF-8"?>
<!DOCTYPE html PUBLIC "-//W3C//DTD XHTML 1.0 Transitional//EN"
    "http://www.w3.org/TR/xhtml1/DTD/xhtml1-transitional.dtd">
<html xmlns="http://www.w3.org/1999/xhtml" xml:lang="en" lang="en">
 <head>
  <title>
</title>
<meta http-equiv="Content-Type" content="text/html;charset=utf-8" />
  <meta name='ocr-system' content='tesseract 3.04.00' />
  <meta name='ocr-capabilities' content='ocr_page ocr_carea ocr_par ocr_line ocrx_word'/>
</head>
<body>
  <div class='ocr_page' id='page_1' title='image "./titiliviipatavi02livygoog_0053.png"; bbox 0 0 2634 4392; ppageno 0'>
   <div class='ocr_carea' id='block_1_1' title="bbox 563 265 1159 376">
    <p class='ocr_par' dir='ltr' id='par_1_1' title="bbox 563 265 1159 376">
     <span class='ocr_line' id='line_1_1' title="bbox 563 265 1159 376; baseline -0.003 -24"><span class='ocrx_word' id='word_1_1' title='bbox 563 289 693 352; x_wconf 81' lang='lat' dir='ltr'><strong>ursan</strong></span> <span class='ocrx_word' id='word_1_2' title='bbox 706 291 750 352; x_wconf 87' lang='lat'><strong>11.</strong></span> <span class='ocrx_word' id='word_1_3' title='bbox 842 265 847 286; x_wconf 90' lang='lat'><em>&#39;</em></span> <span class='ocrx_word' id='word_1_4' title='bbox 968 365 973 376; x_wconf 47' lang='grc'><em>,</em></span> <span class='ocrx_word' id='word_1_5' title='bbox 1119 292 1159 350; x_wconf 82' lang='lat' dir='ltr'><strong>aa</strong></span> 
     </span>
    </p>
   </div>
   <div class='ocr_carea' id='block_1_2' title="bbox 95 447 1223 3800">
    <p class='ocr_par' dir='ltr' id='par_1_2' title="bbox 95 447 1159 530">
     <span class='ocr_line' id='line_1_2' title="bbox 95 447 1159 530; baseline 0.001 -21"><span class='ocrx_word' id='word_1_6' title='bbox 95 492 96 509; x_wconf 43' lang='lat' dir='ltr'><strong>r</strong></span> <span class='ocrx_word' id='word_1_7' title='bbox 160 450 422 512; x_wconf 77' lang='lat' dir='ltr'><strong>Satisiibertatem</strong></span> <span class='ocrx_word' id='word_1_8' title='bbox 441 447 537 530; x_wconf 87' lang='lat' dir='ltr'><strong>ipsam</strong></span> <span class='ocrx_word' id='word_1_9' title='bbox 556 449 664 512; x_wconf 86' lang='lat' dir='ltr'><strong>babere</strong></span> <span class='ocrx_word' id='word_1_10' title='bbox 684 448 863 510; x_wconf 80' lang='lat' dir='ltr'><strong>dulcedinis.</strong></span> <span class='ocrx_word' id='word_1_11' title='bbox 902 447 981 520; x_wconf 90' lang='lat' dir='ltr'><strong>Nisi,</strong></span> <span class='ocrx_word' id='word_1_12' title='bbox 994 453 1107 530; x_wconf 65' lang='lat' dir='ltr'><strong>quanta</strong></span> <span class='ocrx_word' id='word_1_13' title='bbox 1127 449 1159 510; x_wconf 86' lang='lat' dir='ltr'><strong>vi</strong></span> 
     </span>
    </p>

    <p class='ocr_par' dir='ltr' id='par_1_3' title="bbox 95 527 1161 852">
     <span class='ocr_line' id='line_1_3' title="bbox 95 527 1161 612; baseline -0.001 -21"><span class='ocrx_word' id='word_1_14' title='bbox 95 569 96 572; x_wconf 60' lang='lat'><em>=</em></span> <span class='ocrx_word' id='word_1_15' title='bbox 158 531 298 592; x_wconf 77' lang='lat' dir='ltr'><strong>civitates</strong></span> <span class='ocrx_word' id='word_1_16' title='bbox 312 552 377 590; x_wconf 92' lang='lat' dir='ltr'><strong>eam</strong></span> <span class='ocrx_word' id='word_1_17' title='bbox 397 538 548 611; x_wconf 77' lang='lat' dir='ltr'>expetant,</span> <span class='ocrx_word' id='word_1_18' title='bbox 561 538 642 590; x_wconf 54' lang='lat' dir='ltr'><strong>tantt</strong></span> <span class='ocrx_word' id='word_1_19' title='bbox 661 551 751 612; x_wconf 79' lang='lat' dir='ltr'><strong>regna</strong></span> <span class='ocrx_word' id='word_1_20' title='bbox 766 551 796 590; x_wconf 88' lang='lat' dir='ltr'><strong>re</strong></span> <span class='ocrx_word' id='word_1_21' title='bbox 817 550 851 592; x_wconf 83' lang='lat' dir='ltr'><strong>es</strong></span> <span class='ocrx_word' id='word_1_22' title='bbox 862 529 1034 600; x_wconf 78' lang='lat' dir='ltr'><strong>defendant,</strong></span> <span class='ocrx_word' id='word_1_23' title='bbox 1046 527 1161 610; x_wconf 75' lang='lat' dir='ltr'><strong>equari</strong></span> 
     </span>
     <span class='ocr_line' id='line_1_4' title="bbox 157 552 1161 691; baseline -0.002 -19"><span class='ocrx_word' id='word_1_24' title='bbox 157 627 277 686; x_wconf 78' lang='lat' dir='ltr'><strong>summa</strong></span> <span class='ocrx_word' id='word_1_25' title='bbox 297 610 407 670; x_wconf 83' lang='lat' dir='ltr'><strong>infimis</strong></span> <span class='ocrx_word' id='word_1_26' title='bbox 418 631 427 681; x_wconf 82' lang='lat'>3</span> <span class='ocrx_word' id='word_1_27' title='bbox 461 611 534 670; x_wconf 86' lang='lat' dir='ltr'>nihil</span> <span class='ocrx_word' id='word_1_28' title='bbox 556 611 721 680; x_wconf 85' lang='lat' dir='ltr'><strong>excelsum,</strong></span> <span class='ocrx_word' id='word_1_29' title='bbox 743 552 826 680; x_wconf 70' lang='lat' dir='ltr'><strong>nihii,</strong></span> <span class='ocrx_word' id='word_1_30' title='bbox 847 611 927 688; x_wconf 89' lang='lat' dir='ltr'><strong>quud</strong></span> <span class='ocrx_word' id='word_1_31' title='bbox 949 629 1041 691; x_wconf 85' lang='lat' dir='ltr'><strong>supra</strong></span> <span class='ocrx_word' id='word_1_32' title='bbox 1060 619 1161 670; x_wconf 86' lang='lat' dir='ltr'><strong>cetera</strong></span> 
     </span>
     <span class='ocr_line' id='line_1_5' title="bbox 158 689 1161 771; baseline 0.003 -19"><span class='ocrx_word' id='word_1_33' title='bbox 158 693 299 760; x_wconf 85' lang='lat' dir='ltr'><strong>eurineat,</strong></span> <span class='ocrx_word' id='word_1_34' title='bbox 313 692 345 750; x_wconf 90' lang='lat' dir='ltr'><strong>in</strong></span> <span class='ocrx_word' id='word_1_35' title='bbox 359 689 528 751; x_wconf 85' lang='lat' dir='ltr'><strong>civitatibus</strong></span> <span class='ocrx_word' id='word_1_36' title='bbox 542 691 603 751; x_wconf 85' lang='lat' dir='ltr'><strong>fore</strong></span> <span class='ocrx_word' id='word_1_37' title='bbox 654 691 771 752; x_wconf 81' lang='lat' dir='ltr'>Adesse</span> <span class='ocrx_word' id='word_1_38' title='bbox 793 691 882 751; x_wconf 84' lang='lat' dir='ltr'><strong>tinem</strong></span> <span class='ocrx_word' id='word_1_39' title='bbox 897 691 1006 771; x_wconf 84' lang='lat' dir='ltr'><strong>regnis,</strong></span> <span class='ocrx_word' id='word_1_40' title='bbox 1026 689 1069 750; x_wconf 87' lang='lat' dir='ltr'><strong>rei</strong></span> <span class='ocrx_word' id='word_1_41' title='bbox 1082 689 1161 754; x_wconf 79' lang='lat' dir='ltr'><strong>inter</strong></span> 
     </span>
     <span class='ocr_line' id='line_1_6' title="bbox 157 771 1161 852; baseline -0.001 -21"><span class='ocrx_word' id='word_1_42' title='bbox 157 771 242 831; x_wconf 77' lang='lat' dir='ltr'><strong>Desrs</strong></span> <span class='ocrx_word' id='word_1_43' title='bbox 254 771 446 850; x_wconf 82' lang='lat' dir='ltr'>hominesque</span> <span class='ocrx_word' id='word_1_44' title='bbox 466 771 704 852; x_wconf 80' lang='lat' dir='ltr'><strong>pulcherrimae.&#39;’</strong></span> <span class='ocrx_word' id='word_1_45' title='bbox 746 771 885 840; x_wconf 81' lang='lat' dir='ltr'><strong>Porsena,</strong></span> <span class='ocrx_word' id='word_1_46' title='bbox 898 778 961 830; x_wconf 91' lang='lat' dir='ltr'><strong>tum</strong></span> <span class='ocrx_word' id='word_1_47' title='bbox 984 791 1080 852; x_wconf 85' lang='lat' dir='ltr'><strong>regem</strong></span> <span class='ocrx_word' id='word_1_48' title='bbox 1095 787 1161 830; x_wconf 86' lang='lat' dir='ltr'><strong>esse</strong></span> 
     </span>
    </p>

    <p class='ocr_par' dir='ltr' id='par_1_4' title="bbox 95 848 1223 2346">
     <span class='ocr_line' id='line_1_7' title="bbox 95 848 1162 932; baseline -0.003 -20"><span class='ocrx_word' id='word_1_49' title='bbox 95 852 96 917; x_wconf 64' lang='grc' dir='ltr'>ἶ</span> <span class='ocrx_word' id='word_1_50' title='bbox 157 851 278 921; x_wconf 85' lang='lat' dir='ltr'><strong>Romae,</strong></span> <span class='ocrx_word' id='word_1_51' title='bbox 291 860 357 910; x_wconf 91' lang='lat' dir='ltr'><strong>tum</strong></span> <span class='ocrx_word' id='word_1_52' title='bbox 369 852 505 912; x_wconf 78' lang='lat' dir='ltr'><strong>Etnuscae</strong></span> <span class='ocrx_word' id='word_1_53' title='bbox 514 851 612 932; x_wconf 83' lang='lat' dir='ltr'><strong>gentis</strong></span> <span class='ocrx_word' id='word_1_54' title='bbox 621 850 868 932; x_wconf 73' lang='lat' dir='ltr'><strong>regemampium</strong></span> <span class='ocrx_word' id='word_1_55' title='bbox 879 848 989 911; x_wconf 80' lang='lat' dir='ltr'><strong>&#39;l&#39;usois</strong></span> <span class='ocrx_word' id='word_1_56' title='bbox 997 860 1091 928; x_wconf 17' lang='lat' dir='ltr'><strong>Iratus,</strong></span> <span class='ocrx_word' id='word_1_57' title='bbox 1099 849 1162 909; x_wconf 85' lang='lat' dir='ltr'><strong>Ro·</strong></span> 
     </span>
     <span class='ocr_line' id='line_1_8' title="bbox 161 929 1162 1022; baseline 0 -32"><span class='ocrx_word' id='word_1_58' title='bbox 161 951 242 991; x_wconf 87' lang='lat' dir='ltr'><strong>mam</strong></span> <span class='ocrx_word' id='word_1_59' title='bbox 260 930 369 992; x_wconf 86' lang='lat' dir='ltr'><strong>infesto</strong></span> <span class='ocrx_word' id='word_1_60' title='bbox 392 929 525 992; x_wconf 85' lang='lat' dir='ltr'><strong>exercitu</strong></span> <span class='ocrx_word' id='word_1_61' title='bbox 540 932 631 993; x_wconf 83' lang='lat' dir='ltr'><strong>venit.</strong></span> <span class='ocrx_word' id='word_1_62' title='bbox 671 933 743 992; x_wconf 91' lang='lat' dir='ltr'><strong>Non</strong></span> <span class='ocrx_word' id='word_1_63' title='bbox 763 951 895 1022; x_wconf 85' lang='lat' dir='ltr'><strong>unquam</strong></span> <span class='ocrx_word' id='word_1_64' title='bbox 916 930 990 992; x_wconf 86' lang='lat' dir='ltr'><strong>alias</strong></span> <span class='ocrx_word' id='word_1_65' title='bbox 1004 933 1074 1010; x_wconf 71' lang='lat' dir='ltr'><strong>unte</strong></span> <span class='ocrx_word' id='word_1_66' title='bbox 1095 935 1162 990; x_wconf 87' lang='lat' dir='ltr'><strong>tan·</strong></span> 
     </span>
     <span class='ocr_line' id='line_1_9' title="bbox 161 1009 1164 1072; baseline 0 0"><span class='ocrx_word' id='word_1_67' title='bbox 161 1017 212 1072; x_wconf 82' lang='lat' dir='ltr'><strong>tus</strong></span> <span class='ocrx_word' id='word_1_68' title='bbox 226 1020 322 1072; x_wconf 87' lang='lat' dir='ltr'><strong>terror</strong></span> <span class='ocrx_word' id='word_1_69' title='bbox 343 1020 478 1072; x_wconf 88' lang='lat' dir='ltr'><strong>senatum</strong></span> <span class='ocrx_word' id='word_1_70' title='bbox 500 1011 621 1072; x_wconf 86' lang='lat' dir='ltr'><strong>invasit.</strong></span> <span class='ocrx_word' id='word_1_71' title='bbox 661 1011 749 1072; x_wconf 70' lang='lat' dir='ltr'><strong>Adeo</strong></span> <span class='ocrx_word' id='word_1_72' title='bbox 763 1009 864 1071; x_wconf 74' lang='lat' dir='ltr'><strong>valida</strong></span> <span class='ocrx_word' id='word_1_73' title='bbox 884 1031 932 1071; x_wconf 88' lang='lat' dir='ltr'><strong>res</strong></span> <span class='ocrx_word' id='word_1_74' title='bbox 951 1017 1015 1070; x_wconf 88' lang='lat' dir='ltr'><strong>tum</strong></span> <span class='ocrx_word' id='word_1_75' title='bbox 1037 1009 1164 1072; x_wconf 80' lang='lat' dir='ltr'><strong>Clusina</strong></span> 
     </span>
     <span class='ocr_line' id='line_1_10' title="bbox 158 1088 1163 1173; baseline -0.003 -22"><span class='ocrx_word' id='word_1_76' title='bbox 158 1101 236 1160; x_wconf 86' lang='lat' dir='ltr'><strong>erat,</strong></span> <span class='ocrx_word' id='word_1_77' title='bbox 257 1111 458 1173; x_wconf 80' lang='lat' dir='ltr'><strong>magnumque</strong></span> <span class='ocrx_word' id='word_1_78' title='bbox 481 1092 619 1152; x_wconf 85' lang='lat' dir='ltr'><strong>Porsenae</strong></span> <span class='ocrx_word' id='word_1_79' title='bbox 641 1109 769 1151; x_wconf 70' lang='lat' dir='ltr'><strong>nomena</strong></span> <span class='ocrx_word' id='word_1_80' title='bbox 793 1111 849 1152; x_wconf 89' lang='lat' dir='ltr'><strong>nec</strong></span> <span class='ocrx_word' id='word_1_81' title='bbox 863 1090 963 1150; x_wconf 89' lang='lat' dir='ltr'><strong>hostes</strong></span> <span class='ocrx_word' id='word_1_82' title='bbox 976 1088 1063 1150; x_wconf 79' lang='lat' dir='ltr'><strong>modd</strong></span> <span class='ocrx_word' id='word_1_83' title='bbox 1077 1089 1163 1149; x_wconf 87' lang='lat' dir='ltr'><strong>time·</strong></span> 
     </span>
     <span class='ocr_line' id='line_1_11' title="bbox 158 1168 1164 1252; baseline -0.004 -20"><span class='ocrx_word' id='word_1_84' title='bbox 158 1173 243 1240; x_wconf 89' lang='lat' dir='ltr'><strong>bant,</strong></span> <span class='ocrx_word' id='word_1_85' title='bbox 257 1172 310 1231; x_wconf 89' lang='lat' dir='ltr'><strong>sed</strong></span> <span class='ocrx_word' id='word_1_86' title='bbox 325 1181 456 1232; x_wconf 89' lang='lat' dir='ltr'><strong>suosmet</strong></span> <span class='ocrx_word' id='word_1_87' title='bbox 468 1171 525 1252; x_wconf 87' lang='lat' dir='ltr'><strong>ipsi</strong></span> <span class='ocrx_word' id='word_1_88' title='bbox 539 1172 630 1242; x_wconf 84' lang='lat' dir='ltr'><strong>cives,</strong></span> <span class='ocrx_word' id='word_1_89' title='bbox 644 1191 682 1231; x_wconf 90' lang='lat' dir='ltr'><strong>ne</strong></span> <span class='ocrx_word' id='word_1_90' title='bbox 696 1173 830 1232; x_wconf 88' lang='lat' dir='ltr'><strong>Romana</strong></span> <span class='ocrx_word' id='word_1_91' title='bbox 844 1171 936 1251; x_wconf 85' lang='lat' dir='ltr'><strong>plebs,</strong></span> <span class='ocrx_word' id='word_1_92' title='bbox 951 1177 1030 1230; x_wconf 90' lang='lat' dir='ltr'><strong>metu</strong></span> <span class='ocrx_word' id='word_1_93' title='bbox 1045 1168 1164 1250; x_wconf 88' lang='lat' dir='ltr'><strong>percul-</strong></span> 
     </span>
     <span class='ocr_line' id='line_1_12' title="bbox 159 1245 1164 1332; baseline -0.002 -22"><span class='ocrx_word' id='word_1_94' title='bbox 159 1269 202 1320; x_wconf 87' lang='lat' dir='ltr'><strong>sa,</strong></span> <span class='ocrx_word' id='word_1_95' title='bbox 216 1250 348 1331; x_wconf 84' lang='lat' dir='ltr'><strong>receptis</strong></span> <span class='ocrx_word' id='word_1_96' title='bbox 362 1252 393 1311; x_wconf 90' lang='lat' dir='ltr'><strong>in</strong></span> <span class='ocrx_word' id='word_1_97' title='bbox 407 1255 508 1312; x_wconf 88' lang='lat' dir='ltr'><strong>urbem</strong></span> <span class='ocrx_word' id='word_1_98' title='bbox 522 1251 649 1332; x_wconf 77' lang='lat' dir='ltr'><strong>regibus,</strong></span> <span class='ocrx_word' id='word_1_99' title='bbox 663 1252 711 1312; x_wconf 86' lang='lat' dir='ltr'><strong>vel</strong></span> <span class='ocrx_word' id='word_1_100' title='bbox 726 1268 794 1311; x_wconf 86' lang='lat' dir='ltr'><strong>curn</strong></span> <span class='ocrx_word' id='word_1_101' title='bbox 809 1252 953 1311; x_wconf 83' lang='lat' dir='ltr'><strong>servitute</strong></span> <span class='ocrx_word' id='word_1_102' title='bbox 967 1267 1069 1330; x_wconf 84' lang='lat' dir='ltr'><strong>pacem</strong></span> <span class='ocrx_word' id='word_1_103' title='bbox 1085 1245 1164 1309; x_wconf 85' lang='lat' dir='ltr'><strong>acci·</strong></span> 
     </span>
     <span class='ocr_line' id='line_1_13' title="bbox 159 1329 1223 1424; baseline 0.001 -35"><span class='ocrx_word' id='word_1_104' title='bbox 159 1340 257 1411; x_wconf 87' lang='lat' dir='ltr'><strong>peret.</strong></span> <span class='ocrx_word' id='word_1_105' title='bbox 299 1332 401 1391; x_wconf 84' lang='lat' dir='ltr'><strong>Multa</strong></span> <span class='ocrx_word' id='word_1_106' title='bbox 420 1331 511 1412; x_wconf 82' lang='lat' dir='ltr'><strong>igitur</strong></span> <span class='ocrx_word' id='word_1_107' title='bbox 530 1332 733 1393; x_wconf 85' lang='lat' dir='ltr'><strong>biandimenta</strong></span> <span class='ocrx_word' id='word_1_108' title='bbox 760 1331 838 1424; x_wconf 89' lang='lat' dir='ltr'><strong>plebi</strong></span> <span class='ocrx_word' id='word_1_109' title='bbox 859 1351 912 1410; x_wconf 91' lang='lat' dir='ltr'><strong>per</strong></span> <span class='ocrx_word' id='word_1_110' title='bbox 938 1329 969 1390; x_wconf 92' lang='lat' dir='ltr'><strong>id</strong></span> <span class='ocrx_word' id='word_1_111' title='bbox 991 1338 1108 1408; x_wconf 85' lang='lat' dir='ltr'><strong>tempus</strong></span> <span class='ocrx_word' id='word_1_112' title='bbox 1128 1330 1165 1390; x_wconf 81' lang='lat' dir='ltr'><strong>ab</strong></span> <span class='ocrx_word' id='word_1_113' title='bbox 1222 1407 1223 1410; x_wconf 7' lang='grc' dir='ltr'><strong>Ἴ</strong></span> 
     </span>
     <span class='ocr_line' id='line_1_14' title="bbox 159 1409 1164 1492; baseline -0.003 -22"><span class='ocrx_word' id='word_1_114' title='bbox 159 1417 271 1470; x_wconf 88' lang='lat' dir='ltr'><strong>senatu</strong></span> <span class='ocrx_word' id='word_1_115' title='bbox 287 1410 375 1470; x_wconf 88' lang='lat' dir='ltr'><strong>data:</strong></span> <span class='ocrx_word' id='word_1_116' title='bbox 397 1430 522 1471; x_wconf 76' lang='lat' dir='ltr'><strong>annonae</strong></span> <span class='ocrx_word' id='word_1_117' title='bbox 543 1411 576 1471; x_wconf 91' lang='lat' dir='ltr'><strong>in</strong></span> <span class='ocrx_word' id='word_1_118' title='bbox 590 1410 693 1492; x_wconf 83' lang='lat' dir='ltr'><strong>primis</strong></span> <span class='ocrx_word' id='word_1_119' title='bbox 706 1412 806 1472; x_wconf 87' lang='lat' dir='ltr'><strong>babrta</strong></span> <span class='ocrx_word' id='word_1_120' title='bbox 826 1429 907 1479; x_wconf 89' lang='lat' dir='ltr'><strong>cura,</strong></span> <span class='ocrx_word' id='word_1_121' title='bbox 926 1419 960 1470; x_wconf 86' lang='lat' dir='ltr'><strong>et</strong></span> <span class='ocrx_word' id='word_1_122' title='bbox 980 1411 1019 1472; x_wconf 89' lang='lat' dir='ltr'><strong>ad</strong></span> <span class='ocrx_word' id='word_1_123' title='bbox 1032 1409 1164 1468; x_wconf 84' lang='lat' dir='ltr'><strong>frumen·</strong></span> 
     </span>
     <span class='ocr_line' id='line_1_15' title="bbox 157 1487 1165 1568; baseline 0.003 -19"><span class='ocrx_word' id='word_1_124' title='bbox 157 1495 227 1549; x_wconf 90' lang='lat' dir='ltr'><strong>tum</strong></span> <span class='ocrx_word' id='word_1_125' title='bbox 244 1490 473 1568; x_wconf 85' lang='lat' dir='ltr'><strong>comparandum</strong></span> <span class='ocrx_word' id='word_1_126' title='bbox 488 1492 581 1560; x_wconf 88' lang='lat' dir='ltr'><strong>missi,</strong></span> <span class='ocrx_word' id='word_1_127' title='bbox 594 1491 644 1551; x_wconf 85' lang='lat' dir='ltr'><strong>aiii</strong></span> <span class='ocrx_word' id='word_1_128' title='bbox 665 1492 696 1552; x_wconf 88' lang='lat' dir='ltr'><strong>in</strong></span> <span class='ocrx_word' id='word_1_129' title='bbox 710 1491 845 1560; x_wconf 87' lang='lat' dir='ltr'><strong>Volscos,</strong></span> <span class='ocrx_word' id='word_1_130' title='bbox 858 1489 910 1552; x_wconf 88' lang='lat' dir='ltr'><strong>alii</strong></span> <span class='ocrx_word' id='word_1_131' title='bbox 924 1491 1046 1550; x_wconf 87' lang='lat' dir='ltr'><strong>Cumas.</strong></span> <span class='ocrx_word' id='word_1_132' title='bbox 1087 1487 1165 1552; x_wconf 85' lang='lat' dir='ltr'><strong>Salis</strong></span> 
     </span>
     <span class='ocr_line' id='line_1_16' title="bbox 158 1568 1166 1661; baseline 0 -31"><span class='ocrx_word' id='word_1_133' title='bbox 158 1589 285 1661; x_wconf 86' lang='lat' dir='ltr'><strong>quoque</strong></span> <span class='ocrx_word' id='word_1_134' title='bbox 299 1570 447 1633; x_wconf 84' lang='lat' dir='ltr'><strong>vendendi</strong></span> <span class='ocrx_word' id='word_1_135' title='bbox 467 1571 629 1640; x_wconf 83' lang='lat' dir='ltr'><strong>arbitrium,</strong></span> <span class='ocrx_word' id='word_1_136' title='bbox 643 1571 867 1652; x_wconf 71' lang='lat' dir='ltr'><strong>quiajmpenso</strong></span> <span class='ocrx_word' id='word_1_137' title='bbox 881 1569 976 1651; x_wconf 88' lang='lat' dir='ltr'><strong>pretio</strong></span> <span class='ocrx_word' id='word_1_138' title='bbox 991 1569 1119 1638; x_wconf 80' lang='lat' dir='ltr'><strong>venibat,</strong></span> <span class='ocrx_word' id='word_1_139' title='bbox 1133 1568 1166 1630; x_wconf 88' lang='lat' dir='ltr'><strong>in</strong></span> 
     </span>
     <span class='ocr_line' id='line_1_17' title="bbox 158 1648 1223 1732; baseline 0.003 -23"><span class='ocrx_word' id='word_1_140' title='bbox 158 1649 316 1731; x_wconf 76' lang='lat' dir='ltr'><strong>publicum</strong></span> <span class='ocrx_word' id='word_1_141' title='bbox 337 1651 418 1710; x_wconf 86' lang='lat' dir='ltr'><strong>omni</strong></span> <span class='ocrx_word' id='word_1_142' title='bbox 437 1660 568 1732; x_wconf 88' lang='lat' dir='ltr'><strong>sumptu,</strong></span> <span class='ocrx_word' id='word_1_143' title='bbox 594 1653 764 1730; x_wconf 87' lang='lat' dir='ltr'><strong>ademptum</strong></span> <span class='ocrx_word' id='word_1_144' title='bbox 793 1649 923 1730; x_wconf 85' lang='lat' dir='ltr'><strong>privatis.</strong></span> <span class='ocrx_word' id='word_1_145' title='bbox 964 1648 1166 1728; x_wconf 83' lang='lat' dir='ltr'><strong>Portoriisque</strong></span> <span class='ocrx_word' id='word_1_146' title='bbox 1222 1717 1223 1720; x_wconf 8' lang='grc' dir='ltr'><strong>Ἴ</strong></span> 
     </span>
     <span class='ocr_line' id='line_1_18' title="bbox 158 1727 1223 1810; baseline 0 -20"><span class='ocrx_word' id='word_1_147' title='bbox 158 1729 320 1805; x_wconf 67' lang='lat' dir='ltr'><strong>attributo</strong></span> <span class='ocrx_word' id='word_1_148' title='bbox 333 1731 434 1809; x_wconf 87' lang='lat' dir='ltr'><strong>plebes</strong></span> <span class='ocrx_word' id='word_1_149' title='bbox 454 1729 588 1799; x_wconf 85' lang='lat' dir='ltr'><strong>liberata,</strong></span> <span class='ocrx_word' id='word_1_150' title='bbox 600 1738 636 1789; x_wconf 90' lang='lat' dir='ltr'><strong>ut</strong></span> <span class='ocrx_word' id='word_1_151' title='bbox 648 1731 758 1790; x_wconf 85' lang='lat' dir='ltr'><strong>divites</strong></span> <span class='ocrx_word' id='word_1_152' title='bbox 771 1731 950 1799; x_wconf 82' lang='lat' dir='ltr'><strong>conterrent,</strong></span> <span class='ocrx_word' id='word_1_153' title='bbox 960 1729 1012 1810; x_wconf 92' lang='lat' dir='ltr'><strong>qui</strong></span> <span class='ocrx_word' id='word_1_154' title='bbox 1026 1727 1106 1790; x_wconf 90' lang='lat' dir='ltr'><strong>oneri</strong></span> <span class='ocrx_word' id='word_1_155' title='bbox 1122 1729 1165 1790; x_wconf 85' lang='lat' dir='ltr'><strong>fe·</strong></span> <span class='ocrx_word' id='word_1_156' title='bbox 1222 1733 1223 1736; x_wconf 70' lang='grc'>’</span> 
     </span>
     <span class='ocr_line' id='line_1_19' title="bbox 159 1808 1165 1891; baseline 0.004 -23"><span class='ocrx_word' id='word_1_157' title='bbox 159 1809 398 1870; x_wconf 74' lang='lat' dir='ltr'><strong>reudo‘essentr</strong></span> <span class='ocrx_word' id='word_1_158' title='bbox 429 1829 575 1890; x_wconf 89' lang='lat' dir='ltr'><strong>pauperes</strong></span> <span class='ocrx_word' id='word_1_159' title='bbox 595 1810 668 1870; x_wconf 86' lang='lat' dir='ltr'><strong>satis</strong></span> <span class='ocrx_word' id='word_1_160' title='bbox 689 1809 829 1891; x_wconf 87' lang='lat' dir='ltr'><strong>stipendii</strong></span> <span class='ocrx_word' id='word_1_161' title='bbox 851 1810 992 1891; x_wconf 88' lang='lat' dir='ltr'><strong>pendere,</strong></span> <span class='ocrx_word' id='word_1_162' title='bbox 1012 1808 1037 1870; x_wconf 89' lang='lat' dir='ltr'><strong>si</strong></span> <span class='ocrx_word' id='word_1_163' title='bbox 1059 1809 1165 1872; x_wconf 85' lang='lat' dir='ltr'><strong>liberos</strong></span> 
     </span>
     <span class='ocr_line' id='line_1_20' title="bbox 159 1887 1166 1970; baseline 0.001 -21"><span class='ocrx_word' id='word_1_164' title='bbox 159 1889 338 1950; x_wconf 85' lang='lat' dir='ltr'><strong>educarent</strong></span> <span class='ocrx_word' id='word_1_165' title='bbox 379 1891 485 1970; x_wconf 88' lang='lat' dir='ltr'><strong>ltaque</strong></span> <span class='ocrx_word' id='word_1_166' title='bbox 510 1890 574 1950; x_wconf 85' lang='lat' dir='ltr'><strong>baec</strong></span> <span class='ocrx_word' id='word_1_167' title='bbox 594 1889 679 1950; x_wconf 87' lang='lat' dir='ltr'><strong>indul</strong></span> <span class='ocrx_word' id='word_1_168' title='bbox 701 1890 781 1951; x_wconf 86' lang='lat' dir='ltr'><strong>entia</strong></span> <span class='ocrx_word' id='word_1_169' title='bbox 802 1889 933 1960; x_wconf 83' lang='lat' dir='ltr'><strong>Petrum,</strong></span> <span class='ocrx_word' id='word_1_170' title='bbox 953 1911 986 1950; x_wconf 89' lang='lat' dir='ltr'><strong>as</strong></span> <span class='ocrx_word' id='word_1_171' title='bbox 1007 1887 1166 1969; x_wconf 67' lang='lat' dir='ltr'><strong>erispost·</strong></span> 
     </span>
     <span class='ocr_line' id='line_1_21' title="bbox 158 1911 1166 2044; baseline 0.002 -16"><span class='ocrx_word' id='word_1_172' title='bbox 158 1968 284 2028; x_wconf 86' lang='lat' dir='ltr'><strong>modum</strong></span> <span class='ocrx_word' id='word_1_173' title='bbox 298 1973 387 2029; x_wconf 88' lang='lat' dir='ltr'><strong>rebus</strong></span> <span class='ocrx_word' id='word_1_174' title='bbox 399 1969 430 2029; x_wconf 87' lang='lat' dir='ltr'><strong>iu</strong></span> <span class='ocrx_word' id='word_1_175' title='bbox 445 1970 597 2044; x_wconf 83' lang='lat' dir='ltr'><strong>obsidione</strong></span> <span class='ocrx_word' id='word_1_176' title='bbox 623 1991 657 2031; x_wconf 88' lang='lat' dir='ltr'><strong>ac</strong></span> <span class='ocrx_word' id='word_1_177' title='bbox 672 1911 759 2042; x_wconf 56' lang='lat' dir='ltr'><strong>sime</strong></span> <span class='ocrx_word' id='word_1_178' title='bbox 780 1969 856 2031; x_wconf 66' lang='lat' dir='ltr'><strong>adei</strong></span> <span class='ocrx_word' id='word_1_179' title='bbox 872 1911 1048 2030; x_wconf 66' lang='lat' dir='ltr'><strong>concordem</strong></span> <span class='ocrx_word' id='word_1_180' title='bbox 1063 1968 1166 2030; x_wconf 88' lang='lat' dir='ltr'><strong>civita·</strong></span> 
     </span>
     <span class='ocr_line' id='line_1_22' title="bbox 158 2048 1166 2130; baseline 0.002 -22"><span class='ocrx_word' id='word_1_181' title='bbox 158 2053 224 2108; x_wconf 78' lang='lat' dir='ltr'><strong>tem</strong></span> <span class='ocrx_word' id='word_1_182' title='bbox 241 2051 347 2117; x_wconf 80' lang='lat' dir='ltr'><strong>tenuit,</strong></span> <span class='ocrx_word' id='word_1_183' title='bbox 361 2057 396 2108; x_wconf 91' lang='lat' dir='ltr'><strong>ut</strong></span> <span class='ocrx_word' id='word_1_184' title='bbox 421 2051 534 2129; x_wconf 78' lang='lat' dir='ltr'><strong>regium</strong></span> <span class='ocrx_word' id='word_1_185' title='bbox 557 2071 664 2110; x_wconf 91' lang='lat' dir='ltr'><strong>nomeu</strong></span> <span class='ocrx_word' id='word_1_186' title='bbox 679 2071 738 2109; x_wconf 89' lang='lat' dir='ltr'><strong>non</strong></span> <span class='ocrx_word' id='word_1_187' title='bbox 753 2048 858 2116; x_wconf 90' lang='lat' dir='ltr'><strong>summi</strong></span> <span class='ocrx_word' id='word_1_188' title='bbox 880 2049 981 2130; x_wconf 80' lang='lat' dir='ltr'><strong>magis,</strong></span> <span class='ocrx_word' id='word_1_189' title='bbox 995 2050 1084 2129; x_wconf 47' lang='lat' dir='ltr'><strong>quim</strong></span> <span class='ocrx_word' id='word_1_190' title='bbox 1098 2048 1166 2110; x_wconf 86' lang='lat' dir='ltr'><strong>infi-</strong></span> 
     </span>
     <span class='ocr_line' id='line_1_23' title="bbox 159 2127 1166 2208; baseline 0.001 -20"><span class='ocrx_word' id='word_1_191' title='bbox 159 2127 214 2198; x_wconf 87' lang='lat' dir='ltr'><strong>mi,</strong></span> <span class='ocrx_word' id='word_1_192' title='bbox 228 2127 400 2188; x_wconf 83' lang='lat' dir='ltr'><strong>horrerent:</strong></span> <span class='ocrx_word' id='word_1_193' title='bbox 420 2149 475 2187; x_wconf 87' lang='lat' dir='ltr'><strong>nec</strong></span> <span class='ocrx_word' id='word_1_194' title='bbox 489 2127 645 2206; x_wconf 88' lang='lat' dir='ltr'><strong>quisquam</strong></span> <span class='ocrx_word' id='word_1_195' title='bbox 668 2149 745 2188; x_wconf 90' lang='lat' dir='ltr'><strong>uuus</strong></span> <span class='ocrx_word' id='word_1_196' title='bbox 758 2129 843 2189; x_wconf 85' lang='lat' dir='ltr'><strong>maiis</strong></span> <span class='ocrx_word' id='word_1_197' title='bbox 856 2131 969 2189; x_wconf 86' lang='lat' dir='ltr'><strong>artibus</strong></span> <span class='ocrx_word' id='word_1_198' title='bbox 991 2135 1166 2208; x_wconf 78' lang='lat' dir='ltr'><strong>postratum</strong></span> 
     </span>
     <span class='ocr_line' id='line_1_24' title="bbox 160 2205 1164 2345; baseline 0.005 -81"><span class='ocrx_word' id='word_1_199' title='bbox 160 2205 319 2345; x_wconf 54' lang='lat' dir='ltr'><strong>popqliaris</strong></span> <span class='ocrx_word' id='word_1_200' title='bbox 340 2216 428 2274; x_wconf 83' lang='lat' dir='ltr'><strong>esset,</strong></span> <span class='ocrx_word' id='word_1_201' title='bbox 443 2225 483 2285; x_wconf 92' lang='lat' dir='ltr'><strong>qu</strong></span> <span class='ocrx_word' id='word_1_202' title='bbox 491 2208 533 2266; x_wconf 76' lang='lat' dir='ltr'><strong>im</strong></span> <span class='ocrx_word' id='word_1_203' title='bbox 546 2215 611 2265; x_wconf 87' lang='lat' dir='ltr'><strong>turn</strong></span> <span class='ocrx_word' id='word_1_204' title='bbox 624 2209 701 2268; x_wconf 83' lang='lat' dir='ltr'><strong>bene</strong></span> <span class='ocrx_word' id='word_1_205' title='bbox 714 2207 887 2287; x_wconf 86' lang='lat' dir='ltr'><strong>imperando</strong></span> <span class='ocrx_word' id='word_1_206' title='bbox 907 2209 1064 2268; x_wconf 87' lang='lat' dir='ltr'><strong>universus</strong></span> <span class='ocrx_word' id='word_1_207' title='bbox 1078 2228 1164 2270; x_wconf 86' lang='lat' dir='ltr'><strong>sena·</strong></span> 
     </span>
     <span class='ocr_line' id='line_1_25' title="bbox 158 2293 298 2346; baseline -0.021 0"><span class='ocrx_word' id='word_1_208' title='bbox 158 2297 213 2346; x_wconf 88' lang='lat' dir='ltr'><strong>tus</strong></span> <span class='ocrx_word' id='word_1_209' title='bbox 263 2293 298 2343; x_wconf 83' lang='lat' dir='ltr'><strong>rt.</strong></span> 
     </span>
    </p>

    <p class='ocr_par' dir='ltr' id='par_1_5' title="bbox 162 2363 1223 2925">
     <span class='ocr_line' id='line_1_26' title="bbox 202 2363 1165 2446; baseline 0 -20"><span class='ocrx_word' id='word_1_210' title='bbox 202 2365 244 2426; x_wconf 85' lang='lat' dir='ltr'><strong>X.</strong></span> <span class='ocrx_word' id='word_1_211' title='bbox 265 2365 363 2438; x_wconf 85' lang='lat' dir='ltr'><strong>Quum</strong></span> <span class='ocrx_word' id='word_1_212' title='bbox 377 2365 476 2428; x_wconf 88' lang='lat' dir='ltr'><strong>bostes</strong></span> <span class='ocrx_word' id='word_1_213' title='bbox 490 2366 639 2437; x_wconf 83' lang='lat' dir='ltr'><strong>adessent,</strong></span> <span class='ocrx_word' id='word_1_214' title='bbox 652 2386 706 2446; x_wconf 88' lang='lat' dir='ltr'><strong>pro</strong></span> <span class='ocrx_word' id='word_1_215' title='bbox 721 2363 889 2444; x_wconf 82' lang='lat' dir='ltr'><strong>aequisque</strong></span> <span class='ocrx_word' id='word_1_216' title='bbox 902 2364 934 2424; x_wconf 89' lang='lat' dir='ltr'><strong>in</strong></span> <span class='ocrx_word' id='word_1_217' title='bbox 960 2367 1062 2426; x_wconf 89' lang='lat' dir='ltr'><strong>urbem</strong></span> <span class='ocrx_word' id='word_1_218' title='bbox 1077 2386 1112 2426; x_wconf 83' lang='lat' dir='ltr'><strong>es</strong></span> <span class='ocrx_word' id='word_1_219' title='bbox 1134 2387 1165 2432; x_wconf 87' lang='lat' dir='ltr'><strong>a·</strong></span> 
     </span>
     <span class='ocr_line' id='line_1_27' title="bbox 162 2443 1166 2527; baseline 0.004 -23"><span class='ocrx_word' id='word_1_220' title='bbox 162 2444 227 2526; x_wconf 80' lang='lat' dir='ltr'><strong>gris</strong></span> <span class='ocrx_word' id='word_1_221' title='bbox 240 2443 428 2519; x_wconf 70' lang='lat' dir='ltr'><strong>demigrante</strong></span> <span class='ocrx_word' id='word_1_222' title='bbox 448 2450 550 2507; x_wconf 87' lang='lat' dir='ltr'><strong>urbem</strong></span> <span class='ocrx_word' id='word_1_223' title='bbox 564 2446 658 2527; x_wconf 85' lang='lat' dir='ltr'><strong>ipsam</strong></span> <span class='ocrx_word' id='word_1_224' title='bbox 671 2444 789 2526; x_wconf 88' lang='lat' dir='ltr'><strong>sepiunt</strong></span> <span class='ocrx_word' id='word_1_225' title='bbox 803 2443 970 2524; x_wconf 85' lang='lat' dir='ltr'><strong>praesidiis;</strong></span> <span class='ocrx_word' id='word_1_226' title='bbox 991 2446 1051 2506; x_wconf 89' lang='lat' dir='ltr'><strong>alia</strong></span> <span class='ocrx_word' id='word_1_227' title='bbox 1066 2446 1166 2519; x_wconf 77' lang='lat' dir='ltr'><strong>muria,</strong></span> 
     </span>
     <span class='ocr_line' id='line_1_28' title="bbox 162 2518 1167 2607; baseline 0.004 -23"><span class='ocrx_word' id='word_1_228' title='bbox 162 2525 225 2596; x_wconf 72' lang='lat' dir='ltr'><strong>alia</strong></span> <span class='ocrx_word' id='word_1_229' title='bbox 239 2518 342 2585; x_wconf 81' lang='lat' dir='ltr'><strong>Tiberi</strong></span> <span class='ocrx_word' id='word_1_230' title='bbox 355 2527 659 2605; x_wconf 82' lang='lat' dir='ltr'><strong>objectoridebantur</strong></span> <span class='ocrx_word' id='word_1_231' title='bbox 670 2535 744 2586; x_wconf 87' lang='lat' dir='ltr'><strong>tuta.</strong></span> <span class='ocrx_word' id='word_1_232' title='bbox 786 2523 863 2595; x_wconf 70' lang='lat' dir='ltr'><strong>Fisus</strong></span> <span class='ocrx_word' id='word_1_233' title='bbox 872 2525 1014 2586; x_wconf 90' lang='lat' dir='ltr'><strong>sublicius</strong></span> <span class='ocrx_word' id='word_1_234' title='bbox 1024 2526 1081 2586; x_wconf 90' lang='lat' dir='ltr'><strong>iter</strong></span> <span class='ocrx_word' id='word_1_235' title='bbox 1092 2529 1167 2607; x_wconf 75' lang='lat' dir='ltr'><strong>pene</strong></span> 
     </span>
     <span class='ocr_line' id='line_1_29' title="bbox 163 2603 1165 2685; baseline 0.006 -22"><span class='ocrx_word' id='word_1_236' title='bbox 163 2603 300 2666; x_wconf 87' lang='lat' dir='ltr'><strong>hostibus</strong></span> <span class='ocrx_word' id='word_1_237' title='bbox 320 2604 425 2676; x_wconf 84' lang='lat' dir='ltr'><strong>dedit;</strong></span> <span class='ocrx_word' id='word_1_238' title='bbox 445 2606 477 2666; x_wconf 91' lang='lat' dir='ltr'><strong>ni</strong></span> <span class='ocrx_word' id='word_1_239' title='bbox 498 2627 576 2666; x_wconf 87' lang='lat' dir='ltr'><strong>unus</strong></span> <span class='ocrx_word' id='word_1_240' title='bbox 598 2608 643 2666; x_wconf 85' lang='lat' dir='ltr'><strong>vir</strong></span> <span class='ocrx_word' id='word_1_241' title='bbox 664 2605 778 2671; x_wconf 83' lang='lat' dir='ltr'><strong>fuisset,</strong></span> <span class='ocrx_word' id='word_1_242' title='bbox 805 2605 948 2665; x_wconf 85' lang='lat' dir='ltr'><strong>Horatius</strong></span> <span class='ocrx_word' id='word_1_243' title='bbox 969 2606 1078 2666; x_wconf 86' lang='lat' dir='ltr'><strong>Cocles</strong></span> <span class='ocrx_word' id='word_1_244' title='bbox 1089 2627 1099 2678; x_wconf 89' lang='lat'>;</span> <span class='ocrx_word' id='word_1_245' title='bbox 1121 2608 1165 2685; x_wconf 90' lang='lat' dir='ltr'><strong>(id</strong></span> 
     </span>
     <span class='ocr_line' id='line_1_30' title="bbox 164 2677 1223 2768; baseline 0.003 -24"><span class='ocrx_word' id='word_1_246' title='bbox 164 2683 382 2744; x_wconf 87' lang='lat' dir='ltr'><strong>munimentum</strong></span> <span class='ocrx_word' id='word_1_247' title='bbox 403 2685 456 2747; x_wconf 86' lang='lat' dir='ltr'><strong>illo</strong></span> <span class='ocrx_word' id='word_1_248' title='bbox 476 2687 526 2746; x_wconf 88' lang='lat' dir='ltr'><strong>die</strong></span> <span class='ocrx_word' id='word_1_249' title='bbox 546 2687 665 2747; x_wconf 78' lang='lat' dir='ltr'><strong>fortuna</strong></span> <span class='ocrx_word' id='word_1_250' title='bbox 685 2683 765 2742; x_wconf 86' lang='lat' dir='ltr'><strong>urbis</strong></span> <span class='ocrx_word' id='word_1_251' title='bbox 785 2685 926 2746; x_wconf 79' lang='lat' dir='ltr'><strong>Romanae</strong></span> <span class='ocrx_word' id='word_1_252' title='bbox 961 2685 1073 2768; x_wconf 86' lang='lat' dir='ltr'><strong>babuit)</strong></span> <span class='ocrx_word' id='word_1_253' title='bbox 1101 2688 1164 2766; x_wconf 90' lang='lat' dir='ltr'><strong>qui,</strong></span> <span class='ocrx_word' id='word_1_254' title='bbox 1222 2677 1223 2702; x_wconf 58' lang='lat'>¹</span> 
     </span>
     <span class='ocr_line' id='line_1_31' title="bbox 164 2763 1165 2845; baseline 0.005 -24"><span class='ocrx_word' id='word_1_255' title='bbox 164 2763 280 2845; x_wconf 88' lang='lat' dir='ltr'><strong>positus</strong></span> <span class='ocrx_word' id='word_1_256' title='bbox 299 2763 377 2824; x_wconf 76' lang='lat' dir='ltr'><strong>tone</strong></span> <span class='ocrx_word' id='word_1_257' title='bbox 389 2763 421 2825; x_wconf 90' lang='lat' dir='ltr'><strong>in</strong></span> <span class='ocrx_word' id='word_1_258' title='bbox 441 2764 569 2828; x_wconf 79' lang='lat' dir='ltr'><strong>statirme</strong></span> <span class='ocrx_word' id='word_1_259' title='bbox 583 2764 689 2844; x_wconf 87' lang='lat' dir='ltr'><strong>pontis,</strong></span> <span class='ocrx_word' id='word_1_260' title='bbox 703 2781 793 2842; x_wconf 91' lang='lat' dir='ltr'><strong>quum</strong></span> <span class='ocrx_word' id='word_1_261' title='bbox 809 2771 926 2844; x_wconf 90' lang='lat' dir='ltr'><strong>captum</strong></span> <span class='ocrx_word' id='word_1_262' title='bbox 943 2765 1095 2844; x_wconf 89' lang='lat' dir='ltr'><strong>repentino</strong></span> <span class='ocrx_word' id='word_1_263' title='bbox 1108 2767 1165 2826; x_wconf 91' lang='lat' dir='ltr'><strong>im·</strong></span> 
     </span>
     <span class='ocr_line' id='line_1_32' title="bbox 164 2843 1223 2925; baseline -0.002 -23"><span class='ocrx_word' id='word_1_264' title='bbox 164 2852 237 2925; x_wconf 87' lang='lat' dir='ltr'><strong>petu</strong></span> <span class='ocrx_word' id='word_1_265' title='bbox 249 2843 432 2914; x_wconf 76' lang='lat' dir='ltr'><strong>dedicatum,</strong></span> <span class='ocrx_word' id='word_1_266' title='bbox 440 2855 531 2922; x_wconf 87' lang='lat' dir='ltr'><strong>atque</strong></span> <span class='ocrx_word' id='word_1_267' title='bbox 544 2844 614 2903; x_wconf 88' lang='lat' dir='ltr'><strong>iude</strong></span> <span class='ocrx_word' id='word_1_268' title='bbox 628 2843 735 2904; x_wconf 86' lang='lat' dir='ltr'><strong>citatos</strong></span> <span class='ocrx_word' id='word_1_269' title='bbox 749 2844 908 2907; x_wconf 86' lang='lat' dir='ltr'><strong>decurrere</strong></span> <span class='ocrx_word' id='word_1_270' title='bbox 919 2845 1019 2908; x_wconf 81' lang='lat' dir='ltr'><strong>hostes</strong></span> <span class='ocrx_word' id='word_1_271' title='bbox 1032 2846 1165 2919; x_wconf 87' lang='lat' dir='ltr'><strong>vidisset,</strong></span> <span class='ocrx_word' id='word_1_272' title='bbox 1222 2851 1223 2900; x_wconf 74' lang='lat' dir='ltr'><strong>t</strong></span> 
     </span>
    </p>

    <p class='ocr_par' dir='ltr' id='par_1_6' title="bbox 162 2919 1223 3800">
     <span class='ocr_line' id='line_1_33' title="bbox 165 2919 1223 3006; baseline 0.006 -24"><span class='ocrx_word' id='word_1_273' title='bbox 165 2923 372 3003; x_wconf 81' lang='lat' dir='ltr'><strong>trepidamque.</strong></span> <span class='ocrx_word' id='word_1_274' title='bbox 392 2927 506 2981; x_wconf 89' lang='lat' dir='ltr'><strong>turbam</strong></span> <span class='ocrx_word' id='word_1_275' title='bbox 527 2943 645 2985; x_wconf 80' lang='lat' dir='ltr'><strong>suorum</strong></span> <span class='ocrx_word' id='word_1_276' title='bbox 677 2944 758 2984; x_wconf 89' lang='lat' dir='ltr'><strong>arma</strong></span> <span class='ocrx_word' id='word_1_277' title='bbox 778 2925 957 3004; x_wconf 84' lang='lat' dir='ltr'><strong>ordinesque</strong></span> <span class='ocrx_word' id='word_1_278' title='bbox 985 2925 1164 3006; x_wconf 87' lang='lat' dir='ltr'><strong>relinquere,</strong></span> <span class='ocrx_word' id='word_1_279' title='bbox 1222 2919 1223 2996; x_wconf 66' lang='lat' dir='ltr'><strong>i</strong></span> 
     </span>
     <span class='ocr_line' id='line_1_34' title="bbox 165 3000 1223 3094; baseline 0.005 -32"><span class='ocrx_word' id='word_1_280' title='bbox 165 3003 383 3094; x_wconf 82' lang='lat' dir='ltr'><strong>reprehensans</strong></span> <span class='ocrx_word' id='word_1_281' title='bbox 396 3000 538 3080; x_wconf 80' lang='lat' dir='ltr'><strong>singulos,</strong></span> <span class='ocrx_word' id='word_1_282' title='bbox 550 3001 706 3071; x_wconf 86' lang='lat' dir='ltr'><strong>obsistens,</strong></span> <span class='ocrx_word' id='word_1_283' title='bbox 719 3005 929 3084; x_wconf 83' lang='lat' dir='ltr'><strong>obtestansque</strong></span> <span class='ocrx_word' id='word_1_284' title='bbox 951 3005 1048 3065; x_wconf 70' lang='lat' dir='ltr'><strong>Derim</strong></span> <span class='ocrx_word' id='word_1_285' title='bbox 1062 3014 1093 3067; x_wconf 90' lang='lat' dir='ltr'><strong>et</strong></span> <span class='ocrx_word' id='word_1_286' title='bbox 1111 3007 1164 3067; x_wconf 90' lang='lat' dir='ltr'><strong>bo·</strong></span> <span class='ocrx_word' id='word_1_287' title='bbox 1222 3017 1223 3076; x_wconf 69' lang='lat' dir='ltr'><strong>t</strong></span> 
     </span>
     <span class='ocr_line' id='line_1_35' title="bbox 164 3079 1223 3164; baseline 0.003 -23"><span class='ocrx_word' id='word_1_288' title='bbox 164 3101 278 3142; x_wconf 77' lang='lat' dir='ltr'><strong>manum</strong></span> <span class='ocrx_word' id='word_1_289' title='bbox 300 3079 400 3148; x_wconf 83' lang='lat' dir='ltr'><strong>iidem,</strong></span> <span class='ocrx_word' id='word_1_290' title='bbox 425 3083 607 3140; x_wconf 85' lang='lat' dir='ltr'><strong>testabatur:</strong></span> <span class='ocrx_word' id='word_1_291' title='bbox 641 3093 659 3118; x_wconf 83' lang='lat'><strong>‘⁶</strong></span> <span class='ocrx_word' id='word_1_292' title='bbox 668 3083 866 3161; x_wconf 86' lang='lat' dir='ltr'><strong>nequicquam</strong></span> <span class='ocrx_word' id='word_1_293' title='bbox 887 3083 1006 3144; x_wconf 89' lang='lat' dir='ltr'><strong>deserto</strong></span> <span class='ocrx_word' id='word_1_294' title='bbox 1025 3085 1164 3164; x_wconf 88' lang='lat' dir='ltr'><strong>praesidio</strong></span> <span class='ocrx_word' id='word_1_295' title='bbox 1222 3079 1223 3144; x_wconf 71' lang='lat' dir='ltr'><strong>i</strong></span> 
     </span>
     <span class='ocr_line' id='line_1_36' title="bbox 164 3153 1223 3243; baseline 0.008 -21"><span class='ocrx_word' id='word_1_296' title='bbox 164 3181 218 3222; x_wconf 84' lang='lat' dir='ltr'><strong>eos</strong></span> <span class='ocrx_word' id='word_1_297' title='bbox 231 3161 343 3240; x_wconf 82' lang='lat' dir='ltr'><strong>fugere.</strong></span> <span class='ocrx_word' id='word_1_298' title='bbox 360 3233 364 3237; x_wconf 18' lang='lat'><strong>¹</strong></span> <span class='ocrx_word' id='word_1_299' title='bbox 383 3158 415 3218; x_wconf 88' lang='lat' dir='ltr'><strong>Si</strong></span> <span class='ocrx_word' id='word_1_300' title='bbox 429 3159 588 3220; x_wconf 85' lang='lat' dir='ltr'><strong>transitum</strong></span> <span class='ocrx_word' id='word_1_301' title='bbox 609 3169 727 3239; x_wconf 89' lang='lat' dir='ltr'><strong>pontem</strong></span> <span class='ocrx_word' id='word_1_302' title='bbox 751 3163 766 3221; x_wconf 71' lang='grc' dir='ltr'><strong>,ἴ</strong></span> <span class='ocrx_word' id='word_1_303' title='bbox 787 3171 872 3243; x_wconf 85' lang='lat' dir='ltr'><strong>tergo</strong></span> <span class='ocrx_word' id='word_1_304' title='bbox 884 3162 1082 3242; x_wconf 84' lang='lat' dir='ltr'><strong>reliquissent,</strong></span> <span class='ocrx_word' id='word_1_305' title='bbox 1104 3167 1163 3227; x_wconf 85' lang='lat' dir='ltr'><strong>‘am</strong></span> <span class='ocrx_word' id='word_1_306' title='bbox 1210 3153 1223 3230; x_wconf 62' lang='lat' dir='ltr'><strong>&#39;i</strong></span> 
     </span>
     <span class='ocr_line' id='line_1_37' title="bbox 164 3187 1223 3380; baseline 0.005 -81"><span class='ocrx_word' id='word_1_307' title='bbox 164 3241 234 3380; x_wconf 81' lang='lat' dir='ltr'><strong>plus</strong></span> <span class='ocrx_word' id='word_1_308' title='bbox 247 3239 373 3299; x_wconf 90' lang='lat' dir='ltr'><strong>hostium</strong></span> <span class='ocrx_word' id='word_1_309' title='bbox 388 3237 420 3298; x_wconf 93' lang='lat' dir='ltr'><strong>in</strong></span> <span class='ocrx_word' id='word_1_310' title='bbox 435 3238 550 3300; x_wconf 85' lang='lat' dir='ltr'><strong>Palatio</strong></span> <span class='ocrx_word' id='word_1_311' title='bbox 563 3239 780 3322; x_wconf 82' lang='lat' dir='ltr'><strong>Capitolioque,</strong></span> <span class='ocrx_word' id='word_1_312' title='bbox 788 3261 876 3380; x_wconf 90' lang='lat' dir='ltr'><strong>quam</strong></span> <span class='ocrx_word' id='word_1_313' title='bbox 891 3243 923 3303; x_wconf 89' lang='lat' dir='ltr'><strong>in</strong></span> <span class='ocrx_word' id='word_1_314' title='bbox 933 3243 1080 3314; x_wconf 82' lang='lat' dir='ltr'><strong>daniculo,</strong></span> <span class='ocrx_word' id='word_1_315' title='bbox 1090 3187 1162 3308; x_wconf 75' lang='lat' dir='ltr'><strong>titre.</strong></span> <span class='ocrx_word' id='word_1_316' title='bbox 1222 3251 1223 3304; x_wconf 73' lang='lat' dir='ltr'><strong>i</strong></span> 
     </span>
     <span class='ocr_line' id='line_1_38' title="bbox 181 3319 1223 3408; baseline 0.01 -31"><span class='ocrx_word' id='word_1_317' title='bbox 181 3328 275 3400; x_wconf 84' lang='lat' dir='ltr'><strong>taque</strong></span> <span class='ocrx_word' id='word_1_318' title='bbox 289 3337 417 3387; x_wconf 90' lang='lat' dir='ltr'><strong>monere,</strong></span> <span class='ocrx_word' id='word_1_319' title='bbox 430 3319 603 3400; x_wconf 76' lang='lat' dir='ltr'><strong>praedicere,</strong></span> <span class='ocrx_word' id='word_1_320' title='bbox 617 3328 653 3381; x_wconf 88' lang='lat' dir='ltr'><strong>ut</strong></span> <span class='ocrx_word' id='word_1_321' title='bbox 663 3331 782 3401; x_wconf 89' lang='lat' dir='ltr'><strong>pontem</strong></span> <span class='ocrx_word' id='word_1_322' title='bbox 810 3343 885 3393; x_wconf 88' lang='lat' dir='ltr'><strong>erro,</strong></span> <span class='ocrx_word' id='word_1_323' title='bbox 898 3322 969 3406; x_wconf 79' lang='lat' dir='ltr'><strong>igni,</strong></span> <span class='ocrx_word' id='word_1_324' title='bbox 982 3344 1162 3405; x_wconf 85' lang='lat' dir='ltr'><strong>quacunque</strong></span> <span class='ocrx_word' id='word_1_325' title='bbox 1222 3335 1223 3408; x_wconf 61' lang='lat'>1</span> 
     </span>
     <span class='ocr_line' id='line_1_39' title="bbox 164 3397 1162 3484; baseline 0.007 -25"><span class='ocrx_word' id='word_1_326' title='bbox 164 3399 197 3460; x_wconf 86' lang='lat' dir='ltr'><strong>vi</strong></span> <span class='ocrx_word' id='word_1_327' title='bbox 217 3397 593 3480; x_wconf 77' lang='lat' dir='ltr'><strong>possent-interrumpent.</strong></span> <span class='ocrx_word' id='word_1_328' title='bbox 632 3402 673 3462; x_wconf 85' lang='lat' dir='ltr'><strong>Se</strong></span> <span class='ocrx_word' id='word_1_329' title='bbox 695 3401 837 3483; x_wconf 88' lang='lat' dir='ltr'><strong>impetum</strong></span> <span class='ocrx_word' id='word_1_330' title='bbox 858 3403 996 3474; x_wconf 88' lang='lat' dir='ltr'><strong>bostium,</strong></span> <span class='ocrx_word' id='word_1_331' title='bbox 1017 3415 1162 3484; x_wconf 89' lang='lat' dir='ltr'><strong>quantum</strong></span> 
     </span>
     <span class='ocr_line' id='line_1_40' title="bbox 162 3480 1161 3578; baseline 0.006 -38"><span class='ocrx_word' id='word_1_332' title='bbox 162 3497 287 3558; x_wconf 83' lang='lat' dir='ltr'><strong>corpore</strong></span> <span class='ocrx_word' id='word_1_333' title='bbox 300 3497 358 3553; x_wconf 85' lang='lat' dir='ltr'><strong>uno</strong></span> <span class='ocrx_word' id='word_1_334' title='bbox 371 3485 470 3558; x_wconf 88' lang='lat' dir='ltr'><strong>posset</strong></span> <span class='ocrx_word' id='word_1_335' title='bbox 481 3480 592 3549; x_wconf 87' lang='lat' dir='ltr'><strong>obsisti,</strong></span> <span class='ocrx_word' id='word_1_336' title='bbox 606 3481 831 3562; x_wconf 85' lang='lat' dir='ltr'><strong>excepturum.”</strong></span> <span class='ocrx_word' id='word_1_337' title='bbox 873 3483 963 3543; x_wconf 84' lang='lat' dir='ltr'><strong>Vadit</strong></span> <span class='ocrx_word' id='word_1_338' title='bbox 977 3483 1046 3549; x_wconf 86' lang='lat' dir='ltr'><strong>inde</strong></span> <span class='ocrx_word' id='word_1_339' title='bbox 1057 3485 1088 3544; x_wconf 87' lang='lat' dir='ltr'><strong>iu</strong></span> <span class='ocrx_word' id='word_1_340' title='bbox 1099 3485 1161 3578; x_wconf 87' lang='lat' dir='ltr'><strong>pri·</strong></span> 
     </span>
     <span class='ocr_line' id='line_1_41' title="bbox 162 3555 1159 3642; baseline 0.005 -22"><span class='ocrx_word' id='word_1_341' title='bbox 162 3578 245 3620; x_wconf 89' lang='lat' dir='ltr'><strong>mum</strong></span> <span class='ocrx_word' id='word_1_342' title='bbox 258 3555 370 3618; x_wconf 83' lang='lat' dir='ltr'><strong>aditum</strong></span> <span class='ocrx_word' id='word_1_343' title='bbox 382 3560 503 3639; x_wconf 87' lang='lat' dir='ltr'><strong>pontis;</strong></span> <span class='ocrx_word' id='word_1_344' title='bbox 521 3559 704 3641; x_wconf 84' lang='lat' dir='ltr'><strong>insignisque</strong></span> <span class='ocrx_word' id='word_1_345' title='bbox 724 3561 802 3622; x_wconf 88' lang='lat' dir='ltr'><strong>inter</strong></span> <span class='ocrx_word' id='word_1_346' title='bbox 816 3569 976 3642; x_wconf 85' lang='lat' dir='ltr'><strong>conspectu</strong></span> <span class='ocrx_word' id='word_1_347' title='bbox 989 3563 1159 3625; x_wconf 75' lang='lat' dir='ltr'><strong>cedentium</strong></span> 
     </span>
     <span class='ocr_line' id='line_1_42' title="bbox 167 3639 1162 3722; baseline 0.009 -25"><span class='ocrx_word' id='word_1_348' title='bbox 167 3656 276 3720; x_wconf 78' lang='lat' dir='ltr'><strong>pugnae</strong></span> <span class='ocrx_word' id='word_1_349' title='bbox 298 3642 388 3716; x_wconf 74' lang='lat' dir='ltr'><strong>terga,</strong></span> <span class='ocrx_word' id='word_1_350' title='bbox 409 3639 540 3702; x_wconf 85' lang='lat' dir='ltr'><strong>obversis</strong></span> <span class='ocrx_word' id='word_1_351' title='bbox 561 3641 696 3704; x_wconf 90' lang='lat' dir='ltr'><strong>cominus</strong></span> <span class='ocrx_word' id='word_1_352' title='bbox 716 3641 755 3701; x_wconf 87' lang='lat' dir='ltr'><strong>ad</strong></span> <span class='ocrx_word' id='word_1_353' title='bbox 775 3640 936 3702; x_wconf 89' lang='lat' dir='ltr'><strong>ineundum</strong></span> <span class='ocrx_word' id='word_1_354' title='bbox 958 3643 1091 3722; x_wconf 87' lang='lat' dir='ltr'><strong>proelium</strong></span> <span class='ocrx_word' id='word_1_355' title='bbox 1113 3666 1162 3706; x_wconf 87' lang='lat' dir='ltr'><strong>ar·</strong></span> 
     </span>
     <span class='ocr_line' id='line_1_43' title="bbox 168 3717 1160 3800; baseline 0.005 -22"><span class='ocrx_word' id='word_1_356' title='bbox 168 3719 234 3786; x_wconf 86' lang='lat' dir='ltr'><strong>mis,</strong></span> <span class='ocrx_word' id='word_1_357' title='bbox 258 3721 325 3798; x_wconf 84' lang='lat' dir='ltr'><strong>ipso</strong></span> <span class='ocrx_word' id='word_1_358' title='bbox 346 3717 485 3778; x_wconf 87' lang='lat' dir='ltr'><strong>miraculo</strong></span> <span class='ocrx_word' id='word_1_359' title='bbox 505 3720 638 3782; x_wconf 75' lang='lat' dir='ltr'><strong>sudaei-‚a</strong></span> <span class='ocrx_word' id='word_1_360' title='bbox 661 3721 856 3800; x_wconf 82' lang='lat' dir='ltr'><strong>obstupefecit</strong></span> <span class='ocrx_word' id='word_1_361' title='bbox 875 3722 973 3782; x_wconf 85' lang='lat' dir='ltr'><strong>hostes</strong></span> <span class='ocrx_word' id='word_1_362' title='bbox 984 3742 994 3793; x_wconf 90' lang='lat'>;</span> <span class='ocrx_word' id='word_1_363' title='bbox 1020 3723 1094 3784; x_wconf 91' lang='lat' dir='ltr'><strong>duos</strong></span> <span class='ocrx_word' id='word_1_364' title='bbox 1114 3732 1160 3787; x_wconf 81' lang='lat' dir='ltr'><strong>ta·</strong></span> 
     </span>
    </p>
   </div>
   <div class='ocr_carea' id='block_1_3' title="bbox 171 3799 1157 3943">
    <p class='ocr_par' dir='ltr' id='par_1_7' title="bbox 171 3799 1157 3943">
     <span class='ocr_line' id='line_1_44' title="bbox 171 3799 1157 3943; baseline 0.006 -83"><span class='ocrx_word' id='word_1_365' title='bbox 171 3817 238 3861; x_wconf 84' lang='lat' dir='ltr'><strong>uren</strong></span> <span class='ocrx_word' id='word_1_366' title='bbox 262 3817 333 3862; x_wconf 86' lang='lat' dir='ltr'><strong>cum</strong></span> <span class='ocrx_word' id='word_1_367' title='bbox 355 3817 393 3861; x_wconf 87' lang='lat' dir='ltr'><strong>co</strong></span> <span class='ocrx_word' id='word_1_368' title='bbox 404 3799 499 3881; x_wconf 87' lang='lat' dir='ltr'><strong>pudor</strong></span> <span class='ocrx_word' id='word_1_369' title='bbox 511 3800 618 3943; x_wconf 65' lang='lat' dir='ltr'><strong>tqppit.</strong></span> <span class='ocrx_word' id='word_1_370' title='bbox 630 3802 683 3886; x_wconf 81' lang='lat' dir='ltr'><strong>Sp.</strong></span> <span class='ocrx_word' id='word_1_371' title='bbox 696 3800 832 3884; x_wconf 80' lang='lat' dir='ltr'><strong>Lartium</strong></span> <span class='ocrx_word' id='word_1_372' title='bbox 845 3823 881 3865; x_wconf 83' lang='lat' dir='ltr'><strong>ae</strong></span> <span class='ocrx_word' id='word_1_373' title='bbox 902 3803 940 3862; x_wconf 89' lang='grc' dir='ltr'><strong>Τ.</strong></span> <span class='ocrx_word' id='word_1_374' title='bbox 959 3803 1157 3874; x_wconf 79' lang='lat' dir='ltr'><strong>Herminium,</strong></span> 
     </span>
    </p>
   </div>
   <div class='ocr_carea' id='block_1_4' title="bbox 0 0 1325 4392">
    <p class='ocr_par' dir='ltr' id='par_1_8' title="bbox 0 0 1325 4392">
     <span class='ocr_line' id='line_1_45' title="bbox 0 0 1325 4392; baseline 0 0"><span class='ocrx_word' id='word_1_375' title='bbox 0 0 1325 4392; x_wconf 95' lang='lat' dir='ltr'><strong> </strong></span> 
     </span>
    </p>
   </div>
  </div>
 </body>
</html>
