2634 4392
534 282 664 358 mana
676 296 718 356 11.
762 385 764 390 ι
1066 248 1122 358 ios

142 457 188 517 bus
205 455 374 536 frequenter
392 455 588 526 habitabatur,
608 455 710 518 Sabini
730 453 830 524 exciti,
843 473 933 534 quum
947 453 1124 537 praedatoriss

141 537 186 595 bns
197 537 404 606 occurrissent,
427 536 495 596 anci
516 536 550 596 iti
563 537 670 617 proelio
684 534 820 616 digressi,
833 534 1020 616 posterodie
1040 542 1124 598 retu·

141 615 192 674 lere
210 617 348 677 castrain
361 616 473 676 tutiora
492 558 567 676 ioca.
602 617 645 682 ¹ld
655 615 734 675 satis
748 614 863 675 consoli
877 615 983 685 visum,
997 635 1051 676 cur
1069 634 1125 697 pra

140 694 206 755 ueto
218 696 402 775 relinqueret
415 697 537 764 hostem,
548 696 663 776 integro
677 694 746 756 inde
761 694 912 758 decedens
923 694 1011 755 bello.

172 776 282 837 LXlII.
303 778 388 836 luter
398 776 464 836 liaec
480 776 570 844 bella,
581 781 721 836 manente
734 774 883 834 discordia
898 773 986 844 domi,
1000 773 1039 836 Τ.
1057 775 1124 836 Nu·
1209 783 1210 842 i

139 853 231 916 micius
245 857 378 925 Priscus,
394 857 431 915 A.
442 855 595 937 Virginius
608 856 747 916 eonsules
771 854 853 914 iacti.
894 855 964 915 Non
984 855 1067 916 ultrei
1080 855 1125 916 vi·
1209 867 1210 920 l

139 934 251 1023 debatur
276 936 374 996 latura
393 936 496 1020 plebes
516 935 699 996 delationem
719 935 844 1014 agrariae
864 933 948 1027 legis,
961 934 1126 1027 ultimaque
1209 929 1210 992 ἶ

135 1013 1127 1177 tilttdgtttqdbtllttgtttstltmtt{tillidi
1209 1061 1210 1110 ³

134 1174 186 1250 jum
200 1175 374 1236 seditionem
394 1195 431 1236 ac
444 1176 760 1256 propli'erumpentem
777 1173 928 1253 repressit.
969 1173 1128 1244 Consules,

137 1254 221 1315 coacti
234 1257 382 1348 extemplo
395 1259 432 1316 ab
442 1262 548 1316 senatu
561 1254 599 1316 ad
611 1254 733 1323 bellum,
748 1253 857 1314 educti
872 1273 909 1314 ex
929 1254 1001 1312 urbe
1016 1254 1127 1332 juven-

134 1337 200 1424 tute,
220 1334 468 1426 tranqurlliorem
481 1342 615 1396 ceteram
635 1335 754 1425 plebem
775 1333 921 1425 fecerunt.
974 1333 1015 1394 Et
1028 1332 1130 1425 postes
1209 1355 1210 1360 ¹

135 1413 258 1488 quidem,
277 1415 350 1474 mnu
363 1414 445 1474 aliud
459 1413 696 1495 qndm‘perlusrs
707 1433 784 1474 vano
799 1419 905 1474 timore
918 1413 1069 1482 Romanrs,
1084 1433 1127 1472 cr·
1158 1455 1160 1459 -
1209 1427 1210 1430 ’

133 1494 187 1550 lato
201 1493 319 1574 agmine
333 1497 449 1556 abeunt
490 1492 655 1555 Numicius
681 1489 806 1553 Antium
827 1492 971 1554 adversus
992 1491 1127 1562 Volscos,

122 1569 278 1652 ⁴Virginius
298 1579 401 1635 contra
422 1577 540 1654 AEquos
567 1572 737 1654 profectus:
778 1572 876 1633 ibiex
897 1571 1014 1632 insidiis
1035 1592 1089 1652 pro
1111 1573 1128 1630 ὲ

133 1659 232 1731 magnai
254 1673 325 1712 acce
346 1662 379 1716 ta
400 1653 496 1723 clade,
514 1654 610 1713 virtus
625 1652 753 1711 militum
766 1671 838 1721 rem,
852 1653 1019 1742 prolapsam
1032 1593 1127 1733 aegii-

131 1675 375 1807 geutiiconsulis,
397 1733 538 1793 restituit.
581 1732 698 1791 Melirls
716 1731 1061 1822 inVolsersimperstum
1073 1735 1128 1790 est.

133 1809 194 1869 Fosi
209 1814 305 1892 primo
314 1811 420 1893 proelio
434 1812 542 1882 hostes,
557 1810 687 1904 fugique
702 1810 733 1870 in
746 1813 851 1870 urbem
866 1813 1001 1880 Antrum,
1015 1818 1050 1871 ut
1062 1817 1128 1872 tum
1209 1807 1210 1818 ¹

133 1908 173 1948 res
185 1897 282 1961 erant,
291 1892 545 1973 opulentissimam
559 1899 637 1952 acb:
658 1893 749 1971 quom
765 1891 868 1950 consul
884 1908 1052 1972 oppugnare
1067 1911 1128 1952 non

133 1988 223 2040 ansus,
244 1973 406 2041 Cononem,
427 1973 509 2032 aliud
524 1972 674 2054 oppidum,
694 1990 884 2050 nequaquam
905 1977 968 2030 tam
1003 1972 1127 2050 opulen·
1209 2017 1210 2028 ,

132 2052 195 2118 lum,
206 2054 245 2110 ab
260 2052 432 2111 Antiatibus
456 2041 544 2130 cepii
576 2048 665 2110 'Dum
683 2051 779 2129 AEqui
793 2051 955 2128 Volscique
976 2051 1126 2111 Romanos

132 2131 276 2216 exercitus
302 2135 415 2199 tenent,
438 2130 539 2189 Sabini
552 2147 647 2209 nsque
662 2129 697 2188 ad
727 2135 827 2220 portas
847 2128 931 2206 urbis!
948 2131 1127 2220 populantes

131 2225 294 2278 incessere3
315 2208 494 2300 deindetipsi
513 2208 617 2288 paucis
630 2213 699 2288 post
713 2208 817 2266 diebus
831 2211 867 2266 ab
882 2209 997 2268 duobus
1009 2211 1126 2270 exercr-

131 2286 210 2357 libus,
221 2294 350 2367 utroque
363 2307 501 2368 pernam
515 2289 638 2348 consule
653 2288 786 2368 ingresso
806 2285 838 2346 in
849 2285 935 2358 fines,
948 2287 1017 2370 plus
1032 2289 1126 2348 cladi·
1209 2331 1210 2340 a

131 2369 288 2506 niqqudrn
308 2368 481 2436 intulerant,
494 2371 684 2449 acceperunt.

131 2525 207 2597 aliis,
218 2525 358 2586 sollicitas
372 2527 534 2587 certamine
547 2521 671 2592 Patinm
693 2533 723 2586 et
738 2521 849 2610 plebis.¹
883 2529 965 2589 Irata
978 2530 1062 2611 plebs
1078 2549 1125 2589 m·

130 2609 236 2668 teresse
259 2607 460 2667 consularibus
481 2606 609 2666 comitiis
633 2605 738 2668 noluit.
779 2607 837 2666 Per
858 2607 963 2668 Patres
985 2609 1125 2670 clientes·
1209 2681 1210 2686 ἵ

130 2703 181 2760 que
190 2688 315 2754 Petrum
325 2688 464 2746 consules
474 2687 577 2756 creati,
587 2687 625 2744 Τ.
632 2686 848 2761 QuinctiusQ.
859 2688 1002 2748 Servilius
1014 2711 1022 2759 3
1044 2689 1125 2748 simi·

131 2763 182 2826 lem
195 2787 308 2827 annum
321 2767 411 2846 priori
425 2768 562 2827 consules
576 2767 694 2836 habent,
709 2765 956 2838 seditiosainitia,
970 2770 1047 2829 bello
1072 2769 1125 2828 de-
1209 2771 1210 2778 ’

130 2841 192 2906 inde
203 2854 328 2908 externa
338 2846 509 2938 tranquilla.
550 2846 661 2916 Sabini,
676 2847 884 2906 Crustuminos
899 2869 1019 2928 campos
1033 2848 1124 2908 citato

131 2926 238 3003 agmine
249 2935 438 3006 transgressi,
449 2945 539 3003 quum
550 2928 648 2986 caedes
660 2927 839 2986 eliscendis
850 2927 963 2986 circum
975 2927 1124 2988 Anienem

132 3002 234 3066 flumen
242 3005 397 3074 fecissent,
409 3006 519 3084 aiporta
526 3006 617 3084 prope
627 3003 747 3064 Collina
755 3006 959 3084 moenibusque
970 3006 1057 3086 pulsi,
1077 3006 1124 3065 iu·
1209 3065 1210 3068 ,

130 3093 337 3161 gentestameu
350 3084 468 3164 praedas
482 3085 632 3144 hominurn
641 3102 842 3163 pecorumque
851 3105 956 3164 egere3
970 3105 1044 3164 quos
1055 3086 1123 3146 Ser·
1209 3133 1210 3138 ,

130 3163 211 3223 uilius
227 3165 329 3224 consul
344 3164 454 3224 infesto
463 3163 595 3224 exercitu
609 3163 773 3234 insecutus,
784 3163 879 3241 ipsum
887 3165 1006 3242 quidem
1018 3183 1122 3245 agmen

129 3242 251 3324 adipisci
266 3244 358 3323 aequis
373 3244 447 3304 locis
457 3264 516 3305 non
527 3242 644 3324 potuit3
660 3242 963 3323 populationernadeb
973 3245 1066 3303 effuse
1077 3245 1123 3304 fe·

129 3321 174 3391 cit,
186 3331 224 3382 ut.
236 3320 309 3384 nihil
323 3325 400 3384 bello
422 3324 568 3383 intactum
583 3323 776 3401 relinqueret,
796 3323 1015 3404 multiplicique
1034 3319 1123 3404 capitu

128 3403 229 3478 praedis
248 3403 368 3462 rediret.
428 3404 469 3462 nt
495 3403 526 3462 in
553 3402 671 3462 Volscis
693 3401 859 3484 respublica
886 3404 1002 3486 egregie
1029 3411 1122 3485 gesta,

130 3501 217 3558 quum
246 3481 341 3549 ducis,
358 3490 424 3543 tum
449 3481 578 3542 militum
598 3489 697 3564 operi.
758 3483 888 3542 Primum
912 3501 997 3562 aequo
1017 3503 1123 3564 campo

129 3561 217 3640 signis
239 3561 357 3621 collatis
375 3569 547 3644 pugnatum,
577 3561 693 3644 ingenti
713 3563 797 3622 caede
817 3561 967 3640 utrinqne,
995 3563 1123 3642 plurimo

129 3640 286 3723 sauguiue3
320 3652 353 3700 et
370 3642 506 3712 Romani,
519 3641 590 3722 quia
609 3641 744 3722 paucitas
758 3642 864 3702 damna
886 3642 1042 3702 sentiendo
1055 3663 1120 3722 pro·

129 3720 189 3808 pior
211 3728 285 3791 emt,
299 3720 423 3801 gradum
443 3723 636 3791 retulisseut3
656 3721 688 3782 ni
710 3722 822 3782 salubri
840 3721 996 3782 mendacio
1010 3722 1123 3791 consul,

128 3800 229 3880 lugere
247 3800 398 3861 hostes-ab
411 3822 504 3864 cornu
517 3804 612 3864 altero
625 3799 790 3871 clamitans,
805 3801 986 3862 concitbsset
1009 3801 1123 3862 aciem:

129 3875 239 3959 impetu
252 3879 342 3950 sacto,
356 3880 427 3942 dnm
442 3905 473 3942 ae
484 3890 593 3963 putant
605 3881 735 3950 vincere,
744 3881 852 3941 vicere.
893 3880 1017 3949 Consul,
1026 3887 1122 3942 oretu-

129 3972 182 4016 cos
196 3977 235 4017 ue
246 3959 335 4024 nimis
349 3959 488 4025 instando
494 3967 658 4101 1qrrnovoret
671 3967 830 4030 certamen,
853 3958 971 4042 signum
991 3967 1113 4044 receptu

221 2449 276 2507 [V.
298 2449 439 2508 Extremo
457 2466 535 2508 anno
547 2447 630 2528 pacis
650 2445 764 2526 aliquid
778 2445 854 2517 fnit;
875 2448 938 2518 sed,
952 2453 986 2509 ut
1010 2467 1127 2546 semper
1209 2453 1210 2510 ἶ
