2634 4392
85 483 87 536 l

85 545 87 582 i

85 303 87 328 '
165 348 228 414 iun

156 513 247 590 jussu
260 510 444 571 indiceretur
466 487 586 578 bellum,
610 527 648 568 an
674 507 747 568 satis
768 511 850 567 esset
863 494 1169 567 senatusconsultum

163 593 320 652 Peiuieere
334 589 455 658 tribuni,
469 588 679 648 denunciando
690 587 886 667 impedituros
900 605 932 646 se
954 587 1119 656 delectum,
1134 594 1168 648 ut

85 653 86 690 ³
163 671 300 732 consules
313 672 353 730 de
366 670 444 734 bello
457 670 495 730 n'd
510 668 649 749 populum
663 667 780 733 ferrent
793 687 804 737 3
824 664 927 726 omnes
942 667 1089 727 centuriae
1100 671 1166 748 jus-

85 787 87 822 ,
162 769 237 810 sere.
278 752 315 810 ln
330 771 365 810 eo
379 769 496 829 quoque
510 749 593 828 plebs
606 746 821 827 superior-fuit,
832 745 916 825 quod
924 745 1030 816 tenuit,
1041 767 1083 808 ne
1096 770 1164 809 coii-

162 832 243 892 sules
256 832 288 890 iii
303 830 468 911 proximum
482 847 592 889 anuum
608 832 791 888 crearentur.

201 911 314 970 XXXI.
335 909 461 970 Tribuni
477 907 603 970 militum
619 906 769 968 consulari
788 910 936 987 potestate
949 912 1080 985 quatuor
1100 928 1164 968 cre·
1230 916 1232 935 ²

158 991 204 1051 ati
227 989 366 1058 sunt,''T.
381 989 539 1062 Quinctius
553 989 676 1048 Pennus
689 1007 727 1047 ex
741 987 908 1056 consulatu,
931 987 968 1044 C.
982 985 1105 1058 Furius,
1118 989 1162 1048 M.

160 1071 343 1138 Postumius,
356 1072 396 1128 A}
411 1068 570 1129 Cornelius
585 1069 698 1142 Cossus
713 1087 723 1137 ;
742 1087 779 1126 ex
792 1066 829 1126 iis
850 1067 963 1127 Cossus
978 1067 1103 1145 praefuit
1114 1089 1164 1128 ur·

160 1151 191 1210 ui
206 1172 214 1221 ;
234 1159 306 1220 tres,
320 1151 440 1210 delectu
446 1148 561 1218 babitu,
575 1147 702 1228 profani
716 1155 786 1206 sunt
798 1147 900 1226 Vejos,
918 1145 1163 1228 documentoque

159 1231 254 1299 suere,
281 1236 369 1310 quim
392 1229 521 1309 plurium
543 1228 699 1308 imperium
712 1227 791 1286 bello
815 1225 923 1286 inutile
950 1233 1042 1287 esset.
1083 1229 1164 1288 Ten·

161 1311 260 1370 dendo
274 1311 313 1370 ad
337 1330 392 1370 sua
406 1309 532 1390 quisque
557 1306 692 1375 consilia,
718 1326 809 1386 quum
824 1306 907 1366 aliud
932 1306 986 1367 alii
1000 1307 1163 1380 videretur,

159 1396 351 1470 aperueruut
375 1389 413 1450 ad
427 1389 612 1448 occasionem
627 1387 728 1446 locuni
740 1384 816 1455 besti
830 1405 840 1456 3
860 1386 1006 1446 incertam
1033 1407 1161 1468 namque

158 1473 263 1539 aciem,
274 1469 391 1549 signum
407 1469 473 1528 aliis
488 1466 554 1527 dari
577 1467 720 1546 receptui,
747 1465 814 1530 aliis
828 1466 895 1526 carii
905 1466 1094 1546 jubentibus,
1115 1469 1159 1528 iu·

159 1569 263 1608 uasere
290 1549 453 1628 opportuni
479 1547 647 1627 veientes:
670 1552 768 1605 castra
780 1545 948 1637 propinqua
969 1549 1104 1608 turbatos
1124 1567 1162 1608 iic

125 1681 127 1686 .
158 1635 241 1720 terga
269 1627 375 1688 dantes
399 1646 566 1713 acceperet
587 1626 655 1707 plus
669 1625 770 1704 itaque
783 1644 966 1706 ignominiae,
993 1627 1080 1704 quiin
1095 1628 1160 1689 cla·

157 1707 215 1778 dis,
227 1714 273 1769 est
284 1714 449 1788 acceptum.
489 1708 609 1767 Moesta
620 1705 726 1766 civitas
739 1704 805 1774 fuit,
827 1703 906 1766 uinci
917 1705 1056 1766 insueta:
1081 1707 1161 1768 odis-

158 1807 192 1848 ee
205 1788 347 1856 tribunos,
368 1807 491 1866 poscere
515 1787 699 1854 dictatorem,
722 1785 753 1844 iri
777 1805 814 1843 co
827 1785 905 1845 verti
925 1805 993 1864 spes
1008 1784 1160 1860 civitatisJ

158 1877 191 1927 et
204 1889 295 1946 quum
319 1867 357 1926 ibi
373 1887 491 1944 quoque
501 1866 610 1944 ¹religio
624 1867 764 1932 obstaret,
790 1884 829 1926 ne
842 1883 902 1924 non
929 1872 1029 1944 posset
1043 1866 1112 1926 nisi
1126 1869 1162 1928 ab

160 1947 284 2006 consule
298 1945 357 2005 dici
372 1945 509 2012 dictator,
536 1959 665 2022 augures
679 1940 805 2003 consulti
821 1962 886 2003 eain
902 1943 1078 2024 religionem
1092 1966 1162 2010 exe·

104 2034 110 2042 “
158 2045 250 2086 mere.
291 2028 328 2084 A.
340 2023 498 2084 Cornelius
516 2021 693 2084 dictatorem
719 2023 814 2082 Mam.
834 2023 991 2084 AEmiliuin
1006 2023 1114 2086 dixitc
1130 2033 1160 2088 el

156 2105 220 2184 ipse
231 2108 267 2165 ab
281 2125 316 2164 eo
327 2104 469 2185 magister
479 2101 612 2182 equitum
625 2108 672 2162 est
682 2102 791 2162 dictus.
832 2102 1028 2172 Adedisimul
1040 2097 1159 2170 tiirtuns

156 2185 286 2247 civitatis
308 2184 419 2244 virtute
433 2192 505 2244 vara
520 2183 610 2263 eguit,
623 2182 695 2242 nihil
708 2181 843 2243 censoria
856 2183 1079 2244 animadversio
1090 2187 1157 2246 effe·

156 2264 208 2336 cit,
233 2285 292 2344 quii
305 2265 406 2324 minis
419 2264 550 2344 regimen
564 2281 663 2322 rerum
683 2283 721 2322 ex
742 2268 844 2322 notata
857 2261 980 2343 indigne
995 2263 1086 2325 domo
1107 2287 1157 2346 pe·

154 2350 277 2406 teretur.
316 2345 472 2424 Veientes,
491 2364 523 2404 re
536 2343 669 2404 secunda
684 2342 765 2412 elati,
785 2341 885 2404 missis
900 2342 1015 2403 circum
1030 2345 1157 2407 baurim

155 2426 280 2504 populus
304 2423 419 2503 legatia,
443 2422 588 2502 jactando
611 2427 672 2481 ties
699 2422 793 2482 duces
807 2423 957 2485 Romame
977 2425 1016 2482 ab
1041 2444 1072 2484 se
1096 2444 1156 2486 niio

153 2505 259 2584 proelio
287 2503 377 2571 lusos,
393 2522 484 2580 quum
508 2507 607 2560 tamen
622 2502 734 2563 nullam
749 2501 863 2582 publici
886 2503 1005 2562 consilii
1029 2504 1159 2567 sociata·

152 2590 214 2643 tem
229 2579 401 2655 movissent,
425 2581 607 2644 voluntarios
621 2582 756 2662 undique
769 2581 808 2642 ad
822 2602 907 2662 spem
918 2583 1033 2663 praedae
1054 2585 1154 2646 adsci-

152 2669 270 2722 verunt.
311 2661 372 2722 Uni
387 2661 575 2722 Fidenatium
590 2661 698 2740 populo
709 2662 854 2722 rebellare
868 2661 1004 2743 placuit:
1024 2672 1065 2733 et,
1087 2671 1155 2726 tari·

152 2762 244 2820 quam
256 2740 314 2800 nisi
327 2744 363 2804 ali
378 2741 491 2802 scelere
504 2741 614 2802 bellam
628 2740 720 2799 ordiri
732 2740 818 2801 nefas
830 2747 921 2812 esset,
940 2742 1021 2802 sicut
1038 2743 1154 2826 legato·

152 2842 218 2882 runi
242 2827 340 2889 antea,
367 2820 409 2882 itii
432 2826 496 2881 tum
510 2839 651 2880 uovorum
666 2819 838 2880 colonorum
863 2823 949 2882 caede
962 2823 1085 2884 imbutis
1106 2845 1154 2886 ar·

150 2901 216 2972 inis,
243 2900 420 2980 Veje'ntibus
443 2918 511 2960 sese
528 2901 722 2981 cou'uugunt
762 2900 944 2962 Consultare
957 2901 1027 2962 inde
1041 2905 1153 2996 princi·

143 3001 203 3062 -pes
218 2983 343 3042 ducrum
355 2979 539 3062 populorum,
553 3029 560 3032 ‚,
592 2981 654 3060 ejos
668 3001 707 3041 aii
721 2980 851 3043 Fidenas
863 2983 964 3044 sedem
977 2983 1050 3043 belli
1064 3003 1154 3064 cape·

138 3068 227 3122 rent.
268 3062 393 3123 Fidenae
412 3060 492 3122 uisae
507 3061 752 3140 opportuniores3
772 3061 885 3142 itaque,
898 3064 1026 3144 trajecto
1039 3063 1154 3136 Tiberi,

150 3142 294 3222 Vejimtes
315 3142 444 3202 Fidenas
467 3141 686 3202 transtulerunt
704 3141 827 3200 bellum.
867 3142 973 3222 Romae
987 3148 1083 3204 terror
1103 3143 1152 3204 iii·

149 3241 222 3302 gens
236 3229 322 3291 erat3
343 3221 438 3281 accito
463 3221 595 3280 exercitu
610 3223 646 3280 ab
660 3217 761 3298 Vejis,
778 3240 873 3300 ecque
888 3221 899 3282 i
920 3240 954 3281 sii
966 3224 1004 3282 ab
1025 3244 1059 3282 re
1073 3225 1153 3284 mall

149 3310 234 3380 gesta
248 3301 398 3380 perculso,
411 3307 509 3364 castra
523 3300 660 3360 locantur
673 3304 744 3359 aute
757 3307 873 3379 portam
916 3302 1051 3371 ollinam,
1072 3313 1106 3364 ct
1118 3304 1150 3363 iii

150 3379 241 3439 niuris
266 3381 372 3438 armati
400 3379 545 3460 dispositi,
572 3386 604 3439 et
620 3378 773 3460 justitium
796 3370 828 3440 in
855 3383 927 3452 loro,
953 3386 1153 3463 tabernaeque

147 3460 258 3520 clausae
274 3479 282 3516 i
302 3457 437 3538 fiuntque
458 3459 556 3520 omnia
570 3459 687 3526 castris,
701 3459 790 3538 quim
806 3461 881 3530 urbi,
894 3461 1048 3522 similiora.

189 3539 318 3599 XXXIl.
339 3539 416 3598 Tum
432 3539 575 3619 trepidam
602 3539 763 3610 ciuitatem,
787 3542 976 3621 praeconibus
998 3541 1170 3621 pervicos'

148 3620 287 3688 dimissis,
298 3617 426 3678 dictator
439 3619 476 3676 ad
491 3619 662 3681 concionem
671 3619 846 3691 advocatum
857 3621 1017 3700 increpuit,
1030 3633 1050 3660 “
1060 3625 1149 3700 qubd

146 3701 259 3758 animos
285 3719 322 3758 ex
349 3706 410 3758 tam
424 3697 539 3768 levibus
553 3699 680 3758 furtunae
704 3699 861 3760 momentis
885 3720 1149 3782 suspensosgere-

146 3787 220 3848 ient,
232 3786 274 3846 ut,
289 3785 379 3853 paruit
388 3779 505 3856 jactura
520 3785 656 3856 accepta,
677 3787 746 3859 quie
767 3779 831 3858 ipsa
843 3799 904 3840 uon
925 3781 1035 3842 virtute
1049 3781 1150 3848 bosti-

145 3869 204 3922 uui,
218 3876 273 3914 nec
288 3857 406 3936 ignavia
422 3856 548 3916 Romani
562 3861 721 3928 exercitus,
745 3859 797 3918 sed
811 3858 961 3921 discordia
982 3861 1152 3940 impertita·

145 3948 220 4003 runi,
247 3943 371 4016 accepta
385 3935 433 4005 sit,
458 3936 627 4023 rejectam,
653 3938 878 4009 hauniense
899 3941 1022 4012 victum»
1047 3942 1150 4026 Pssrfi·
