2634 4392
168 277 209 345 ro,
449 307 453 312 ·
532 343 539 355 ⁴
590 272 630 332 n.
639 272 749 334 mvn

165 429 293 490 Mmam
309 427 438 493 inermes
450 434 483 492 et
495 430 614 494 fortuni
628 439 658 493 et
672 433 771 514 specie
785 432 956 514 supplicum
967 433 1060 496 delati
1073 441 1172 512 sunta

161 510 207 571 ‚ibi
221 511 345 603 benign&
366 511 485 602 excepti
507 511 655 591 divisique
675 513 706 573 in
720 513 856 595 hospitia.
898 514 1019 576 Curatis
1034 516 1172 577 vulneri·

163 592 228 656 bus,
250 591 301 652 aliu
326 590 452 670 profectu
477 592 588 664 dumos,
612 592 715 656 nuncii
738 593 926 686 hospitalium
946 595 1172 658 beneficiorum.

165 670 283 735 Multos
296 672 400 733 Romae
415 671 563 751 hospitum
577 673 717 752 urbisque
738 682 847 736 carrus
867 675 984 746 tenuit;
1018 675 1063 736 his
1081 677 1172 738 locus

164 751 203 812 ad
227 751 419 819 habitandum
434 751 530 820 datus,
544 774 633 834 quem
646 754 757 838 deinde
771 756 905 824 Tuscum
920 754 1019 816 vicum
1032 757 1171 838 appelia-

164 839 246 890 nunt.

139 983 143 989 ι
204 911 273 970 XV.
293 911 328 972 Ρ.
342 912 503 972 Lucretius
515 913 586 974 inde
600 922 631 974 et
644 915 679 974 P.
707 913 844 976 Valerius
857 914 1012 982 Publicola
1027 915 1171 979 consules

164 990 248 1059 neti.
286 991 333 1052 Eo
347 1010 425 1055 auno
444 996 626 1073 postremum
639 993 732 1075 legati
754 994 914 1056 dPorsena
936 996 974 1056 de
994 995 1170 1058 reducendo

164 1072 197 1131 in
218 1091 341 1153 regnum
362 1073 528 1152 Tarquinio
548 1083 713 1138 venerunt:
747 1074 853 1154 quibus
874 1095 965 1154 quum
992 1095 1172 1156 responsum

164 1161 254 1222 esset,
280 1152 438 1212 missurum
464 1154 503 1215 ad
524 1175 623 1234 regem
636 1161 772 1216 senatum
793 1156 906 1238 legatos
917 1175 926 1224 ;
946 1154 1029 1215 missi
1051 1155 1170 1224 coufes-

164 1232 220 1293 tim
231 1232 473 1294 honoratissimus
486 1233 613 1326 quisque
624 1255 662 1294 ex
674 1235 830 1298 Patribus.⁴
840 1247 857 1273 “
867 1236 947 1304 Nou,
958 1234 1030 1314 quin
1039 1236 1171 1304 breviter

164 1312 252 1373 reddi
264 1332 439 1392 responsum
459 1320 598 1396 potuerit,
611 1334 671 1380 non
692 1315 785 1395 recipi
804 1335 899 1396 reges,
912 1315 980 1380 ideo
994 1316 1094 1394 potius
1117 1315 1170 1376 de·

165 1393 263 1453 lectos
277 1393 399 1454 Petrum
420 1395 460 1455 nd
474 1414 543 1454 eum
554 1395 672 1464 nissae,
686 1396 775 1473 quim
789 1395 895 1476 legatis
909 1395 974 1475 ejus
995 1397 1101 1458 Romae
1116 1396 1170 1460 da·

164 1480 249 1533 retur
262 1493 456 1565 responsum
476 1475 530 1553 sed
540 1483 575 1537 ut
587 1474 619 1535 iu
632 1483 809 1556 perpetuum
818 1475 929 1536 mentio
937 1477 1001 1554 ejus
1013 1476 1056 1536 rei
1066 1474 1174 1559 finire-

139 1584 141 1587 ·
165 1558 225 1622 tur,
238 1573 345 1612 neum
358 1554 451 1616 tantis
471 1554 583 1617 mutuis
594 1555 749 1621 beneficiis
762 1555 793 1616 in
807 1556 902 1616 vicem
917 1554 1008 1618 animi
1023 1555 1169 1618 sollicita-

165 1640 289 1697 rentur:
323 1654 416 1713 quum
434 1635 487 1695 ille
513 1642 639 1717 peteret,
660 1637 739 1714 quod
761 1639 865 1708 contra
878 1636 1045 1702 libertatem
1066 1634 1171 1716 populi

164 1713 295 1774 Romani
306 1721 407 1783 easet3
429 1715 566 1784 Romani,
585 1715 644 1777 nisi
664 1716 697 1775 in
709 1715 873 1796 perniciem
885 1736 968 1777 suum
978 1715 1087 1776 faciles
1103 1735 1171 1784 esse

164 1794 291 1862 vellent,
304 1801 458 1874 negarent,
479 1795 528 1854 cui
541 1794 613 1854 nihil
628 1803 770 1874 negatum
784 1796 906 1856 vellent.
946 1797 1017 1858 Nou
1032 1795 1063 1858 in
1077 1815 1171 1878 regno

162 1874 305 1964 populum
328 1874 503 1942 Romanum,
523 1875 576 1933 sed
597 1874 628 1937 in
649 1873 785 1940 libertate
799 1895 885 1944 esse3
906 1875 948 1940 ita
968 1875 1126 1936 induxisse
1140 1876 1171 1934 in

164 1951 460 2021 an1mum„hostihus
479 1951 590 2030 potius,
617 1952 707 2028 quim
721 1953 849 2034 regibus,
890 1960 969 2016 ortam
989 1953 1171 2033 patefacere.

163 2031 241 2095 Eam
255 2051 320 2098 esse
341 2031 526 2098 uoluntatem
547 2029 689 2100 omnuim,
708 2039 752 2102 ut,
772 2033 825 2112 qui
846 1975 977 2121 liiertati
998 2032 1055 2092 erit
1069 2032 1101 2096 in
1118 2034 1171 2096 illa

164 2113 238 2174 urhe
263 2110 442 2182 finisidam
469 2109 535 2171 urbi
556 2109 604 2169 sit.
643 2110 784 2180 Proinde,
805 2111 830 2170 si
851 2113 963 2172 salvam
986 2132 1052 2175 esse
1073 2113 1171 2177 vellet

164 2190 302 2260 Romam,
315 2196 350 2249 ut
362 2191 492 2272 patiatur
506 2189 628 2253 liberam
642 2211 718 2264 esse,
731 2192 848 2252 orare.”
899 2191 967 2252 Rex
987 2193 1170 2261 verecundia

163 2270 273 2341 victus,
300 2271 458 2346 “Quando
470 2271 501 2330 id
525 2278 640 2332 certum
653 2277 744 2351 atque
764 2271 941 2343 obstinatum
958 2273 1034 2339 est,”
1061 2271 1169 2350 inquit,

162 2362 183 2393 ‘⁴
193 2371 292 2430 neque
313 2372 368 2433 ego,
381 2352 544 2414 obtundam
562 2352 675 2432 saepids
695 2353 798 2420 eadem
815 2350 1012 2428 nequicquam
1069 2351 1168 2412 endor

162 2451 223 2495 nec
237 2432 418 2512 Tarquinios
432 2452 486 2512 spe
500 2431 613 2500 auxilii,
634 2431 713 2510 quod
739 2430 854 2492 nullum
867 2427 898 2491 in
913 2449 961 2490 me
974 2436 1029 2496 est,
1056 2441 1169 2492 rusma-

163 2512 227 2575 bor.
280 2512 384 2572 Alium
403 2509 483 2581 hinc,
504 2531 556 2570 seu
576 2510 656 2570 bello
676 2530 751 2592 opus
771 2517 827 2581 est,
855 2529 905 2572 seu
928 2509 1038 2588 quiete,
1059 2511 1167 2575 exsilio

163 2600 305 2670 quarunt
319 2592 426 2660 locum,
446 2611 485 2650 ne
506 2589 580 2670 quid
593 2611 689 2652 meam
709 2591 860 2653 vobiscum
875 2609 979 2671 pacem
994 2588 1168 2654 distineat.”

161 2671 265 2733 Dictis
277 2672 360 2732 facta
372 2670 513 2734 amiciora
527 2671 658 2750 adjecita
678 2672 814 2733 obsidum
835 2671 914 2752 quud
930 2671 1079 2752 reliquum
1095 2677 1169 2742 erat,

163 2752 319 2822 reddidit3
360 2771 463 2832 agrum
497 2751 665 2830 Veientem,
694 2751 808 2811 foedere
838 2753 876 2812 ad
907 2751 1076 2819 ianiculum
1095 2751 1169 2814 icto

164 2835 348 2912 ademptum,
368 2829 510 2892 restituit.
551 2831 745 2909 Tarquinius,
765 2851 818 2912 spe
839 2831 919 2892 omni
933 2829 1050 2893 reditus
1062 2830 1168 2900 incisa.

164 2913 333 2974 exulatum
346 2911 383 2971 ad
404 2931 546 2992 generum
560 2907 731 2973 Mamilium
753 2911 912 2978 Octavium
924 2911 1093 2980 Tusculum
1105 2910 1168 2974 aui·

164 2993 199 3056 ia
240 2990 382 3054 Romanis
395 3011 454 3072 pax
468 2990 530 3050 fida
543 2990 586 3052 ita
600 3011 668 3052 cum
681 2991 815 3055 Porsena
827 2991 895 3057 furit.
969 3010 971 3014 ’
1096 3053 1101 3061 ,

206 3073 290 3134 XVI.
310 3073 460 3132 Consules
476 3072 522 3131 M.
535 3070 685 3141 Valerius,
700 3071 733 3132 P.
747 3072 927 3133 Postumius.
965 3069 1011 3128 Eu
1025 3089 1104 3134 auno
1116 3072 1168 3135 be·

166 3173 205 3214 ne
219 3158 383 3235 pugnatum
398 3173 466 3212 cum
481 3151 620 3223 Sabinis;
640 3150 778 3212 consules
798 3149 1028 3230 triumphiruut.
1070 3150 1168 3232 Majo·
1191 3167 1194 3173 ·

165 3253 200 3292 re
213 3233 284 3293 inde
297 3234 376 3298 mole
390 3232 492 3294 Sabini
512 3232 624 3293 bellum
644 3233 805 3312 parentante
840 3231 984 3291 adversus
1004 3249 1064 3300 eos,
1086 3238 1116 3290 et
1131 3247 1167 3294 ne

167 3313 240 3394 qnid
262 3314 349 3373 simul
374 3315 412 3374 ab
425 3313 561 3372 Tusculo
576 3312 678 3392 (uude,
691 3309 749 3371 etsi
762 3329 821 3370 non
836 3318 980 3403 apertum,
994 3317 1167 3390 suspectum

166 3398 268 3461 tamen
287 3393 400 3458 bellum
413 3393 489 3474 erat)
504 3391 652 3474 repentini
674 3389 801 3473 periculi
823 3400 957 3459 oriretur,
972 3391 1006 3449 P.
1030 3389 1167 3458 Valerius

167 3476 318 3554 quartlm,
331 3475 370 3534 T.
384 3472 544 3534 Lucretius
557 3472 665 3532 iterum
680 3471 819 3532 consules
833 3472 914 3535 facti.
955 3471 1079 3540 Seditio,
1089 3471 1167 3530 inter

166 3553 239 3615 belli
259 3553 402 3634 pacisque
422 3562 560 3614 auctores
573 3561 635 3614 orta
658 3553 690 3612 in
718 3552 845 3625 Sabinis,
876 3551 1061 3630 aliquantum
1096 3550 1166 3610 inde

166 3633 275 3695 virium
294 3633 449 3695 transtulit
461 3635 498 3696 ad
522 3635 671 3698 Romanum
686 3654 695 3704 ;
715 3653 843 3713 namque
858 3635 951 3693 Attus
966 3634 1103 3697 Clausus,
1119 3627 1166 3690 cui

223 3725 269 3777 tea
285 3716 343 3795 Ap.
356 3713 484 3776 Claudio
496 3713 554 3779 fuit
567 3716 671 3777 Rome
686 3733 803 3783 nouren,
815 3735 881 3777 cum
897 3714 978 3807 pacis
989 3714 1166 3806 ipseauctor

168 3815 191 3860 s
207 3794 409 3866 wlnodum
427 3795 500 3888 ludii
517 3806 713 3883 ueneratur.
733 3815 790 3864 uec
809 3816 865 3886 par
884 3794 1007 3866 saeuum
1027 3798 1116 3862 estet.
1130 3791 1166 3858 ab
