2634 4392
569 324 698 389 nisan
712 324 772 389 111.
1107 328 1168 389 180

155 504 230 568 pus,
255 484 411 565 conjacere
430 482 471 543 in.
489 497 557 544 eum
578 486 691 557 oculos,
724 484 868 546 mirantes
887 482 960 563 quid
987 481 1043 543 sibi
1063 485 1167 547 vellet.

157 568 333 646 Apparere,
356 562 430 623 nihil
450 563 559 627 sinceri
571 586 656 635 esse;
677 564 843 625 “Profecti
863 563 941 623 haud
955 564 1114 703 gratuitam
1134 564 1167 625 in

156 651 255 708 tanta
271 643 410 724 superbia
423 644 592 705 comitatem
607 645 691 717 lore;
722 644 793 707 nimi
799 646 847 703 dm
869 642 900 704 in
922 664 955 703 or
977 642 1054 704 inem
1070 664 1104 703 se
1118 644 1165 725 ip·

156 744 229 784 sum
253 743 368 805 cogere,
392 731 425 783 et
443 724 560 805 vulgari,
579 746 648 785 cum
669 725 802 807 privatis,
826 742 885 785 non
905 729 967 783 tarn
979 724 1167 804 properantis

155 804 244 865 abire
256 803 451 885 magistratu,
477 806 567 883 quim
587 806 666 865 uiam
687 805 727 865 ad
750 803 987 864 continuandum
1010 802 1167 883 magistra·

152 890 224 945 tum
237 881 415 966 quaerentis,
438 886 535 944 esse.”
576 885 734 966 Propalam
752 883 869 944 obviam
883 882 927 943 irc
940 882 1098 962 cupiditati
1113 904 1166 967 pa·

157 982 226 1024 rum
257 963 346 1033 lausi,¹
369 963 598 1025 obsecundando
619 964 736 1025 mollire
761 963 905 1054 impetum
935 960 1167 1045 aggrediuntura

153 1042 350 1107 comitiorum
364 1042 410 1103 illi
423 1042 636 1120 habendorum,
660 1043 779 1126 quando
792 1040 931 1102 minimus
946 1046 1016 1103 natu
1032 1040 1078 1111 sit,
1102 1062 1168 1103 mu·
1191 1074 1197 1082 ·

152 1142 214 1184 nus
231 1142 383 1186 consensu
396 1122 564 1207 injungunt
606 1127 668 1185 Ars
680 1124 746 1184 haec
761 1129 835 1193 erat,
863 1142 900 1183 ne
911 1128 1007 1183 semet
1021 1120 1083 1201 ipse
1098 1140 1163 1182 cre·

152 1223 206 1264 are
215 1209 346 1285 'posset3
366 1203 446 1282 quod
460 1210 571 1284 praeter
591 1202 725 1265 tribunos
738 1202 834 1283 plebis
849 1203 893 1284 (et
905 1201 937 1261 id
950 1201 1048 1283 ipsum
1070 1201 1166 1282 pessi·

152 1302 204 1343 mo
231 1283 392 1422 exemplop¹
407 1301 496 1343 nemo
517 1303 650 1363 unquam
674 1280 816 1352 fecisset;
836 1282 888 1343 ille
913 1280 1071 1350 enimvero,
1085 1280 1166 1361 quod

149 1364 362 1438 benevertat,
393 1362 542 1425 abiturum
555 1384 589 1424 se
601 1363 723 1425 comitia
736 1360 896 1450 professus,
920 1361 1166 1443 impedimentum

170 1464 211 1502 ro
235 1441 394 1503 occasione
420 1442 563 1523 arripuit;
583 1441 774 1524 dejectisque
795 1442 906 1522 honore
929 1462 983 1522 per
1007 1439 1164 1519 coitionem

149 1460 280 1581 iussus
302 1520 655 1616 Quinctiiscapitnlino
676 1528 708 1585 et
728 1523 919 1591 Cincinnato,
946 1529 977 1583 et
990 1526 1096 1602 patruo
1111 1540 1165 1581 suo

151 1601 191 1661 G.
222 1601 366 1671 Claudio,
390 1603 630 1665 constantissimo
653 1602 718 1663 viro
740 1601 772 1663 in
795 1601 981 1682 optimatium
1006 1620 1106 1670 causa,
1133 1605 1166 1662 et

152 1680 226 1741 aliis
255 1681 390 1761 ejusdem
414 1675 526 1762 fastigii
552 1681 677 1751 civibus,
700 1700 888 1761 nequaquam
913 1680 1071 1767 splendore
1092 1680 1164 1743 vitae

151 1780 249 1841 pares
263 1759 450 1821 decemviros
463 1766 565 1820 creat:
586 1780 620 1821 se
632 1760 666 1821 lu
678 1760 793 1841 primis,
815 1760 894 1839 quod
908 1759 987 1821 lraud
1001 1778 1087 1819 secus
1101 1759 1166 1819 fac·

151 1847 222 1902 tum
234 1840 441 1920 improbabant
451 1839 530 1909 boni,
549 1839 641 1919 qudrn
653 1859 741 1901 nemo
759 1840 858 1917 lacere
872 1858 1013 1899 ausurum
1028 1838 1165 1899 credide·

151 1928 211 1981 rat.
257 1919 360 1981 creati
374 1939 449 1981 cum,
464 1940 499 1981 eo
512 1917 559 1979 M.
570 1918 731 1981 Cornelius
745 1918 831 1980 Malu
853 1918 974 1988 nensis,
997 1918 1043 1978 M.
1065 1918 1167 2001 Sergi·

151 2000 266 2072 us„L.
277 1998 443 2069 Minucius,
463 2000 500 2074 Q.
514 1998 623 2070 Fabius
636 2000 812 2070 Vibulanus,
855 2042 863 2058 .
878 1998 1032 2068 Poetelius,
1045 1999 1085 2057 Τ.
1098 2005 1165 2059 An-

150 2079 263 2220 {ospitis
276 2078 434 2148 Merenda,
458 2080 497 2139 K.
517 2075 647 2150 Duilius,
669 2080 720 2160 Sp.
733 2079 848 2162 Oppius
862 2079 1022 2149 Cornicen,
1044 2078 1089 2138 M.
1104 2080 1164 2140 Ra-

172 2180 193 2218 u
209 2178 289 2219 erus.
610 2189 612 2196 ·
806 2198 809 2205 ,

192 2236 344 2299 XXXVI.
365 2239 422 2300 Ille
442 2236 512 2299 finis
532 2231 632 2319 Appio
656 2238 761 2310 alieno
784 2256 918 2319 personae
934 2236 1064 2300 ferendoe
1086 2238 1144 2299 fuit
1155 2256 1166 2312 3

152 2336 211 2379 suo
228 2320 296 2399 jem
316 2318 388 2380 inde
402 2318 503 2379 vivere
516 2317 635 2399 ingenio
655 2316 757 2400 coepit,
777 2337 928 2399 novosque
954 2317 1083 2457 0⁰llelg³⁸
1099 2321 1165 2399 jam

151 2398 253 2479 priris,
279 2397 370 2477 quim
388 2398 501 2459 inirent
519 2396 736 2481 magistratum,
759 2396 791 2459 in
818 2416 888 2457 suos
902 2416 998 2459 mores
1037 2418 1161 2460 armare.

153 2477 301 2551 Quotidie
312 2476 431 2554 coibant
444 2478 569 2539 remotis
579 2476 697 2539 arbitris
709 2498 718 2537 c
732 2478 804 2539 inde
813 2476 1024 2558 impotentibus
1034 2476 1166 2539 instruc·

153 2558 179 2615 ti
192 2556 340 2628 consiliis,
361 2560 429 2638 qu'ae
443 2560 560 2619 secretd
573 2560 611 2618 ab
623 2557 691 2619 aliis
705 2578 721 2617 c
761 2560 880 2627 nebant,
901 2560 965 2639 jam
980 2556 1059 2618 baud
1073 2556 1163 2619 dissi·

153 2637 303 2698 mutando
317 2636 494 2720 snperbiam,
507 2636 567 2697 rari
579 2637 690 2706 aditus,
704 2638 750 2697 col
764 2638 940 2717 oquentibus
955 2636 1103 2712 difficiles,
1123 2639 1163 2700 ad

158 2716 234 2780 Idus
259 2717 360 2779 Maias
373 2738 434 2779 rem
448 2717 626 2799 perduxere.
666 2717 742 2777 Idus
753 2727 818 2779 tum
833 2716 926 2780 Maiae
941 2718 1079 2779 solennes
1099 2719 1164 2779 ine-

156 2797 248 2857 undis
277 2798 498 2879 magistratibus
524 2804 620 2858 erant.
660 2797 751 2859 Initio
778 2796 868 2880 igitur
890 2796 1082 2879 magistratus
1103 2798 1165 2879 pri-

157 2895 239 2937 mum
263 2876 383 2937 honoris
393 2878 472 2940 diem
486 2876 718 2945 denunciatione
731 2876 862 2959 ingentis
873 2877 996 2939 terroris
1016 2878 1164 2959 insignem

157 2954 279 3028 lecere3
299 2974 370 3015 nam
384 2976 474 3035 quum
488 2954 532 3016 ita
544 2955 657 3036 priores
670 2956 833 3017 decemviri
844 2964 1024 3025 servissent,
1038 2964 1073 3018 ut
1086 2976 1164 3019 unus

158 3034 258 3099 lesnes
280 3036 411 3105 liaberet,
424 3042 457 3095 et
465 3034 521 3095 hoc
535 3034 651 3117 insigne
665 3034 779 3116 regium
789 3035 820 3095 in
835 3038 944 3105 orbem,
958 3057 1042 3096 suam
1062 3039 1162 3116 cujus·

158 3135 218 3193 que
231 3116 349 3185 vicem,⁴
360 3136 414 3196 per
427 3134 530 3175 omnes
543 3114 611 3186 iret,
631 3114 731 3175 subito
744 3134 846 3175 omnes
861 3135 928 3175 cum
943 3114 1088 3176 duodenis
1102 3115 1165 3177 las·

159 3194 245 3255 cibus
269 3195 415 3277 prodiere.
468 3194 597 3255 Centum
621 3193 728 3276 viginti
751 3194 872 3255 lictores
901 3195 995 3257 forum
1021 3194 1163 3277 impleve-

159 3280 239 3344 rant,
264 3282 295 3336 et
307 3276 436 3335 fascibus
450 3294 572 3335 secures
592 3274 722 3357 illigatas
741 3273 961 3354 preferebant3
982 3294 1037 3335 nec
1052 3275 1164 3336 attinu-

159 3352 219 3417 isse
230 3354 310 3415 demi
324 3354 462 3422 securim,
480 3374 572 3433 quum
587 3354 652 3415 sine
666 3354 872 3435 provocatione
887 3355 980 3417 creati
990 3362 1100 3425 essent,
1113 3356 1162 3415 in·

161 3438 411 3515 terpretabantur.
450 3434 565 3495 Decem
584 3454 688 3515 regum
703 3434 818 3515 species
838 3442 912 3504 erat,
932 3434 1163 3515 multiplicatus·

162 3532 219 3591 quc
234 3522 329 3576 terror
341 3534 402 3577 non
414 3512 525 3575 infimis
539 3514 646 3582 solum,
667 3514 720 3573 sed
741 3512 917 3595 primoribus
932 3515 1065 3585 Patrnm,
1089 3515 1163 3577 ratis

164 3592 258 3659 caedis
278 3614 447 3656 causamur
466 3592 646 3674 principium
668 3594 784 3671 quaeri3
806 3600 848 3664 ut,
872 3593 899 3654 si
919 3594 986 3673 quis
1002 3614 1162 3657 memorem

163 3667 308 3735 libertatis
320 3693 423 3735 vocem
444 3681 495 3733 aut
508 3673 540 3732 in
554 3681 657 3733 senatu
681 3679 733 3735 aut
751 3674 782 3733 in
797 3675 914 3755 populo,
939 3674 1079 3743 misisset,
1101 3682 1162 3737 stu·

167 3755 227 3814 tum
247 3754 338 3837 virgae
354 3772 533 3833 securesque
553 3753 643 3813 etiam
664 3754 703 3813 ad
724 3760 890 3813 ceterorum
912 3761 1022 3813 metum
1037 3756 1159 3835 expedi-

169 3841 278 3895 rentur.
316 3834 416 3903 Nam,
430 3841 628 3914 preterquam
650 3834 731 3911 qued
746 3835 777 3895 in
792 3832 986 3928 populpnilril
1000 3842 1065 3893 erat
1086 3856 1161 3915 prae·

170 3909 244 3986 sidii,
253 3915 369 3977 sublata
383 3913 601 3997 provocatione,
613 3913 858 3985 intercessionem
879 3932 998 3995 quoque
1013 3932 1159 3979 consensu
