2634 4392
81 4151 124 4200 Ι.

142 333 225 392 aas·
549 312 726 385 'numu

145 485 197 548 dia
209 485 259 556 sit,
285 483 352 566 quia
377 499 438 544 non
450 483 598 565 spondere
618 468 708 552 ausit,
733 475 895 557 maximum
917 472 973 534 boc
986 470 1152 554 imperium

130 565 226 628 'inter
237 565 377 625 finitimos
391 563 473 623 brevi
487 562 619 623 futurum
630 561 722 621 csse?

188 646 246 705 lv.
261 655 279 683 ‘⁴
291 649 395 722 Atque
407 663 470 713 etro,
479 663 568 722 quam
580 643 633 702 boc
644 637 800 710 consilium
810 636 994 716 collegarum
1003 653 1155 703 meorum,

148 745 209 806 qno
233 723 381 784 abducere
395 693 508 783 inlecti
521 742 554 782 re
566 723 594 780 'a
606 721 692 800 Vejis
705 717 872 778 exercitum
890 715 1062 783 noluerunt,
1088 713 1161 774 non'

147 803 222 866 utile
236 804 341 872 solum,
356 802 410 862 sed
423 802 514 862 etiam
527 800 728 864 necessarium
738 796 838 866 fucrit,
852 800 920 876 post
932 799 968 854 ea
980 793 1154 854 disseram:

147 903 229 946 nunc
243 883 281 942 de
301 883 366 962 ipsa
387 882 556 942 conditione
582 881 683 941 dicere
709 876 902 944 militantium
928 873 1011 934 libet
1052 873 1157 947 Quam

148 961 322 1031 oratienem,
335 979 395 1022 non
416 961 496 1041 apud
511 981 564 1020 vos
578 961 685 1029 solum,
705 956 862 1019 sedetiam
874 953 907 1014 in
927 952 1043 1021 castris,
1057 953 1085 1014 si
1098 952 1156 1014 ba·

148 1046 271 1112 beatur;
289 1041 363 1121 ipse'
378 1040 511 1102 exercitu
536 1039 619 1100 disce
641 1044 735 1109 tante,
763 1055 879 1115 aequam
899 1032 1026 1093 arbitror
1053 1031 1154 1092 videri

148 1141 260 1204 possea
280 1120 312 1180 in
325 1135 385 1200 qua
398 1120 424 1180 si
438 1119 507 1180 mihi
520 1119 578 1200 ipsi
590 1119 622 1180 ni
642 1118 648 1130 '
665 1139 673 1188 ·,
697 1116 777 1197 quod
797 1114 936 1181 dicerem,
963 1111 996 1172 in
1019 1118 1154 1172 mentem

149 1201 253 1262 venire
279 1205 391 1279 posset,
416 1198 654 1260 adversariorum
678 1195 760 1257 certe
786 1191 967 1254 orationibus
992 1198 1155 1252 contentus

150 1299 257 1342 essem.
297 1278 459 1360 Negabant
484 1298 588 1360 nuper,
616 1275 716 1338 danda
738 1292 805 1334 esse
823 1292 884 1332 cem
903 1269 1057 1340 militibus,
1083 1270 1156 1350 qnia

151 1377 303 1440 nunquam
326 1357 397 1418 data
410 1363 512 1418 essent
525 1377 535 1427 ;
555 1375 684 1436 quonam
697 1353 786 1414 modo
807 1351 898 1433 igitur
911 1370 992 1410 nunc
1004 1349 1068 1411 ind'
1129 1349 1155 1410 ri

152 1443 288 1524 possunt,
299 1436 407 1516 quibus
421 1434 534 1514 aliquid
549 1435 619 1494 nori
632 1435 785 1514 adjectum
798 1429 946 1494 commodi
959 1430 1060 1500 siteis
1104 1433 1157 1492 bo·

152 1539 217 1580 rem
230 1517 320 1578 etiam
332 1533 443 1576 novum
455 1532 510 1598 pro
529 1514 666 1596 portione
678 1511 819 1594 injungi?
838 1529 988 1588 nusquam
1011 1530 1068 1570 nec
1081 1529 1154 1590 ope·

153 1617 188 1660 ra
201 1597 265 1657 sine
279 1595 488 1663 emolumento,
515 1613 572 1654 nec
586 1591 819 1654 emolumentum
831 1589 925 1650 ferme
939 1590 1006 1650 sine
1017 1586 1154 1669 impensa

152 1679 328 1758 operaest3
346 1673 431 1734 labor
443 1673 649 1754 voluptasque,
662 1670 863 1732 dissimillima
884 1674 1004 1739 natura,
1028 1667 1155 1729 societa-
1235 1671 1237 1682 '

153 1762 186 1818 te
207 1754 334 1834 quadam
356 1751 435 1814 inter
459 1773 491 1814 se
513 1753 642 1814 naturali
667 1757 737 1814 sunt
754 1752 872 1831 juncta.
912 1748 1045 1809 Moleste
1065 1758 1157 1809 antea
1235 1789 1237 1816 .

154 1836 269 1897 ferebat
281 1833 377 1901 miles,
387 1833 392 1842 '
402 1853 434 1893 se
461 1851 515 1892 suo
529 1839 647 1912 sumptu
663 1847 784 1912 operam
804 1827 976 1909 reipublicae
996 1831 1156 1912 praebere:

156 1911 305 1996 gaudebat
327 1911 417 1982 idem,
442 1915 557 1990 partem
572 1909 643 1971 anni
656 1930 689 1968 se
702 1929 806 1990 mum
817 1928 904 1968 suum
929 1910 1028 1969 colere
1041 1928 1052 1979 ς
1072 1927 1159 1988 quse·

155 2012 233 2062 rere,
256 1991 337 2052 unde
359 1989 439 2052 domi
453 1989 627 2068 adlitiaeque
654 2009 687 2048 se
700 2008 735 2048 ac
750 2007 819 2049 snos
832 1987 910 2048 taceri
922 1994 1033 2068 posset.
1075 1989 1159 2049 Gau-

158 2073 212 2133 det
225 2089 314 2141 nunc,
336 2067 447 2130 fructui
462 2068 516 2130 sibi
530 2069 742 2150 rempublicam
764 2086 841 2137 esse,
859 2068 898 2127 *et
910 2067 999 2128 laetus
1013 2067 1159 2150 stipendi·

158 2171 210 2212 um
224 2149 334 2244 accipit
348 2167 358 2221 ;
370 2169 457 2228 aequo
471 2148 562 2229 igitur
576 2149 675 2210 animo
696 2146 837 2229 patiatur,
859 2165 893 2207 se
905 2147 943 2208 ab
956 2145 1055 2216 domo,
1076 2151 1159 2208 ab're

157 2229 307 2299 familiari,
331 2229 379 2289 cui
393 2229 491 2311 gravis
504 2227 640 2312 impensa
653 2248 714 2288 non
727 2234 782 2297 est,
801 2225 892 2307 paulo
916 2226 1034 2289 diutius
1047 2229 1160 2288 abesse.

159 2311 222 2381 an,
235 2309 260 2370 si
274 2309 312 2372 ad
327 2309 458 2370 calculos
472 2328 540 2368 eum
553 2307 723 2388 respublica
734 2314 831 2377 vocet,
854 2324 914 2367 non
927 2305 1037 2367 merito
1050 2307 1158 2367 dicati
1234 2360 1235 2379 ,

160 2401 289 2451 “annua
314 2409 374 2449 aera
399 2387 500 2457 habes,
515 2405 642 2448 annuam
668 2406 788 2466 operam
814 2386 878 2446 ede.
919 2388 971 2447 An
990 2392 1026 2447 tu
1039 2405 1159 2464 aequum
1234 2390 1235 2445 l

163 2489 277 2538 censes,
290 2467 397 2528 militis
421 2466 557 2528 semestri
577 2467 705 2527 solidum
724 2472 756 2527 te
775 2464 959 2546 stipendium
971 2465 1108 2548 accipere
1119 2465 1159 2524 ³³⁹

162 2549 281 2608 Invitus
293 2548 326 2605 in
339 2547 392 2604 hac
413 2549 499 2624 parte
525 2543 677 2613 orationis,
703 2545 845 2616 Quirites,
868 2564 988 2606 moror:
1009 2545 1054 2607 sic
1080 2544 1160 2606 enim
1234 2546 1236 2599 l

163 2646 251 2708 agere
265 2623 458 2716 debentem
484 2623 668 2684 mercenario
691 2622 786 2684 milite
799 2628 950 2694 utuntur;
970 2630 1072 2686 atnos
1092 2631 1160 2684 tan·

163 2725 253 2786 quam
280 2723 348 2763 cum
372 2705 487 2762 cuvrbus
510 2723 597 2783 agere
617 2703 776 2762 volumus:
796 2701 904 2841 agique
927 2709 1071 2784 tanquam
1092 2725 1161 2764 cum

163 2784 260 2924 patria
282 2781 435 2844 nobiscum
459 2801 580 2862 aequum
601 2800 766 2856 censemus.
837 2788 952 2845 utnon
973 2785 1085 2864 suscipi
1097 2784 1161 2844 bel·
1233 2814 1234 2819 κ

178 2883 227 2924 nm
249 2861 404 2944 oportuit3
433 2865 486 2920 aut
512 2861 576 2942 geri
589 2877 590 2880 ’
602 2881 655 2941 pro
682 2860 828 2945 dignitate
841 2864 944 2943 populi
965 2862 1103 2932 Romam,
1128 2871 1161 2924 et

164 2941 268 3026 perlici
281 2942 372 3022 qudm
386 2941 514 3022 primum
527 2945 652 3022 oportet.
692 2940 869 3002 Perficietur
892 2951 1003 3012 antem,
1030 2943 1056 3002 si
1076 2963 1166 3025 urge·

165 3042 232 3084 mus
244 3024 397 3083 obsessost
431 3020 458 3079 si
470 3038 530 3081 non
550 3021 620 3080 ente
642 3020 838 3091 abscedimus,
860 3024 951 3100 quim
971 3022 1036 3103 spei
1050 3032 1164 3084 nmtrae
1233 3022 1235 3027 ’

165 3101 256 3164 tinem
279 3103 375 3183 captis
388 3101 474 3182 Vejis
500 3100 736 3182 imposuerimus.
776 3099 818 3170 Si,
838 3099 969 3176 hercule,
991 3102 1076 3163 nulla
1100 3102 1163 3161 alia

165 3201 265 3250 cauea,
274 3181 340 3260 ipsa
352 3178 514 3261 indignitas
528 3179 780 3262 perseverantiam
793 3180 944 3260 imponere
955 3181 1068 3241 debuit
1098 3183 1165 3242 De·

166 3281 231 3336 cem
244 3259 393 3352 quondam
417 3279 510 3320 annos
522 3262 591 3320 urbs
606 3265 774 3340 oppugnata
794 3265 841 3320 est
853 3264 891 3321 ob
903 3281 994 3323 unam
1006 3260 1166 3322 mulierem

165 3344 202 3402 ab
215 3357 354 3400 universa
369 3339 616 3418 Graeciat'quim
643 3338 747 3419 procul
771 3341 808 3400 ab
831 3340 944 3402 domo?
963 3348 1037 3420 quot
1057 3347 1167 3410 terras,

165 3425 238 3502 quot
251 3419 342 3482 maria
356 3418 495 3478 distans?
515 3438 570 3479 nos
594 3419 673 3479 intre
694 3418 868 3481 vicesimum
883 3421 1022 3513 lapidem,
1045 3421 1078 3482 in
1093 3441 1167 3482 con·

164 3505 269 3592 spectu
283 3499 373 3638 prope
386 3497 467 3558 urbis
481 3506 603 3569 nostrae,
627 3518 755 3563 annuam
768 3508 1019 3582 oppugnationem
1029 3501 1167 3593 perferre

163 3587 267 3661 prgetz
290 3578 333 3638 sci
346 3578 415 3645 icet,
442 3577 513 3655 quia
533 3577 611 3656 levis
630 3598 721 3639 causa
733 3579 806 3640 belli
815 3589 871 3650 est,
896 3599 954 3640 nec
981 3586 1055 3642 satas
1074 3580 1167 3660 quid·

163 3679 252 3736 quam
263 3658 340 3738 justi
354 3656 463 3719 doloris
477 3663 534 3725 est,
561 3659 640 3736 quod
662 3677 716 3718 nos
739 3658 777 3720 ad
791 3661 1042 3741 perseverandum
1056 3661 1166 3720 stimu-

162 3737 216 3802 let.
256 3736 374 3818 Septies
397 3728 589 3806 rebellarunt,
613 3737 646 3796 in
670 3757 744 3816 pace
757 3756 910 3820 nunqnam
933 3739 995 3800 ilde
1017 3739 1166 3800 fuerunt:

163 3835 249 3895 agros
274 3823 392 3877 nostros
412 3815 520 3876 millies
542 3815 715 3898 depopulati
736 3825 829 3879 sunt:
850 3816 1011 3880 Fidenates
1031 3819 1167 3880 delicere
1231 3812 1233 3879 ἷ

165 3891 279 3958 euobis
293 3901 456 3976 co'e'gerunt
469 3915 483 3956 a
498 3895 619 3958 colonos
642 3902 760 3960 nostros
779 3896 821 3959 ibi
834 3897 1073 3962 interfeceruntc
1093 3918 1168 3962 auc·
