2634 4392
153 311 215 376 186
571 308 611 374 T.
630 309 739 374 LIVII

156 469 311 554 cumpo'sd
348 469 420 531 ressi
432 474 516 541 'sont
527 473 619 551 qudm
634 469 766 551 legiones
785 467 896 531 auxilio
904 465 1090 529 Folis'corum
1102 487 1159 528 se·

156 558 274 614 nerunt.
338 553 396 611 'uin
416 550 535 614 demum
551 557 648 613 costra
661 554 857 614 Etruscorum
912 548 1091 612 omoenibus
1105 549 1157 608 Fi·

156 633 300 692 denarum
314 629 433 710 positu3
454 637 485 690 et
499 632 627 694 dictator
641 633 793 690 Romanus
806 630 866 690 Iron
908 629 1012 708 procul
1026 628 1100 688 inde
1119 629 1157 688 sd

157 709 342 772 confluentes
368 711 503 773 consedit
526 710 558 772 in
581 710 738 790 utriusque
764 709 838 790 ripis
860 707 967 783 amnis,
984 715 1049 786 que
1072 706 1157 787 sequi

154 789 340 930 mpnimento
355 796 478 870 poterut,
496 791 582 852 'vallo
595 790 769 872 Interposito
784 809 794 860 ;
812 795 933 870 postero
944 787 995 848 dic
1015 788 1048 848 in
1063 784 1154 848 aciens

92 909 95 914 -
155 869 270 930 suxit.
381 919 384 926 .
776 907 790 923 Γ
845 904 847 911 ·
1109 906 1115 910 ·
1155 886 1158 893 ’

196 950 313 1010 XVIII.
335 950 544 1012 Interzlrostes
571 949 663 1012 variae
690 951 775 1011 tuere
802 947 971 1012 sententi'ae.
1010 948 1157 1015 Faliscus,

154 1032 316 1112 proculab
329 1029 567 1094 domoruilitinm
581 1051 607 1091 ae
629 1031 660 1089 τὸ
673 1031 800 1111 patiens,
826 1029 960 1108 satisque
980 1027 1079 1088 fidens
1092 1028 1155 1095 sibi,

156 1129 280 1191 poscere
294 1131 423 1192 pugnam
439 1132 446 1169 z
467 1111 590 1190 Vejenti
603 1111 802 1188 Fidenatique
824 1110 892 1192 plns
913 1107 978 1188 spei
991 1106 1024 1165 in
1037 1107 1160 1168 mahen-

155 1191 195 1249 do
210 1191 290 1252 bello
302 1211 376 1252 esse.
416 1189 611 1260 Tolumnius,
620 1209 792 1272 quunquum
805 1209 925 1249 suorum
948 1187 1044 1267 uirgis
1058 1188 1156 1267 place·

154 1271 228 1332 bunt
249 1270 433 1339 consilique
457 1267 649 1350 longinquam
670 1269 808 1330 militium
820 1288 883 1328 nou
900 1273 1082 1347 peterentur
1102 1269 1157 1327 ln-

156 1348 233 1422 lisci,
256 1357 374 1430 postero
388 1350 437 1408 die
458 1355 491 1410 se
511 1357 711 1430 pugnaturum
731 1348 832 1408 edicit.
873 1346 1022 1407 Dictatori
1042 1367 1079 1406 ac
1099 1347 1156 1406 Ro·

156 1428 263 1498 muniS,
283 1431 365 1508 qudd
386 1429 584 1490 detrectasset
598 1449 728 1511 pugnum
747 1429 857 1508 hostin,
875 1426 967 1489 animi
982 1447 1156 1488 accessere:

156 1514 335 1589 posteroque
349 1509 407 1577 die,
427 1511 490 1588 jum
504 1509 648 1570 militibus
661 1515 763 1571 castro
775 1511 939 1587 urbemque
959 1527 993 1566 se
1006 1527 1156 1598 oppugua-

155 1595 240 1648 tnros
253 1587 456 1657 frementibus
476 1587 512 1652 ,ni
525 1591 612 1670 copie
625 1609 734 1671 pugnae
749 1589 817 1657 fiat,
831 1587 973 1666 utrinque
987 1606 1067 1646 neres
1080 1585 1156 1646 inter

155 1668 226 1728 bina
239 1681 338 1730 castra
350 1668 382 1728 in
400 1669 530 1730 medinm
544 1691 611 1730 cum
633 1670 644 1729 i
663 1663 839 1763 procedunt
859 1667 1002 1747 Fejeus,
1025 1665 1158 1726 multitu·

157 1747 230 1810 dine
250 1750 414 1819 abundans,
440 1747 493 1829 qui
516 1750 595 1810 inter
609 1687 831 1812 dimicationem
845 1752 944 1809 costra
957 1747 1097 1806 Romanu
1108 1766 1158 1827 og·

156 1828 362 1909 grederontur,
388 1836 591 1910 postmontes
612 1829 817 1902 circummisit.
855 1827 962 1887 Trium
982 1826 1158 1908 populorum

157 1907 308 1968 exercitus
329 1909 372 1968 ita
392 1908 477 1968 stetit
496 1909 671 1978 instructus,
694 1915 729 1968 ut
741 1909 881 1968 dextrum
894 1925 983 1966 corou
1004 1906 1158 1984 Vejentes.

157 1984 313 2046 sinistrum
327 1987 438 2046 Falisci
451 1992 598 2056 tenerent,
622 1987 713 2046 medii
727 1987 890 2053 Fidenates
904 1989 1011 2048 essent
1054 1984 1159 2047 Dictu-

156 2071 206 2126 tor
219 2065 325 2126 dextro
338 2085 429 2126 cornu
450 2067 592 2127 adversus
614 2067 757 2140 FuIIscos,
780 2067 903 2128 sinistro
923 2071 1028 2136 contro
1046 2064 1178 2133 llo'eu·¹

156 2152 221 2207 tem
249 2145 437 2227 Capitolinus
463 2147 621 2222 Quinctius
647 2147 755 2210 intulit
779 2148 887 2228 signat
926 2151 997 2215 ante
1031 2085 1157 2205 mediam

158 2225 255 2287 aciem
279 2246 347 2288 curn
368 2226 503 2306 equitatu
524 2229 665 2310 magister
686 2228 820 2306 equitum
839 2225 996 2308 processit.
1036 2224 1158 2284 Porum·

157 2325 214 2387 per
227 2305 378 2368 silentium
399 2315 430 2368 et
449 2307 533 2387 quies
553 2307 620 2378 suit,
644 2314 701 2369 nec
720 2307 868 2376 Etruscis,
891 2304 951 2365 uisi
972 2311 1156 2386 cogerentur,

157 2405 289 2468 pugnum
302 2386 431 2456 inituris,
454 2394 484 2446 et
503 2386 648 2450 dictatore
669 2407 768 2450 arcem
781 2387 946 2447 Romanam
958 2390 1156 2464 respectante,

157 2473 194 2528 ut
207 2469 243 2526 ab
264 2467 442 2547 auguribus,
455 2465 541 2526 simul
556 2486 626 2526 oves
647 2467 704 2539 rite
723 2466 923 2534 admisissent,
941 2485 982 2527 ex
996 2463 1157 2545 composito

158 2545 316 2608 tolleretur
336 2546 462 2626 signum.
502 2546 590 2619 Quod
614 2545 702 2615 simul
724 2545 888 2629 conspexit,
903 2544 1023 2684 primos
1045 2544 1158 2625 equites

131 2641 133 2648 ·
160 2626 291 2686 clamore
304 2626 420 2686 subluto
433 2625 465 2686 in
478 2625 591 2686 hostem
607 2627 706 2692 emisit
719 2647 729 2698 ;
749 2634 851 2687 secuta
865 2645 903 2706 pe
924 2624 1001 2685 itum
1011 2622 1097 2686 ecies
1116 2624 1160 2682 in··

158 2705 241 2802 genti
250 2705 282 2764 vi
293 2703 437 2767 conflixit.
478 2705 574 2766 Nullo
594 2713 679 2786 parte
692 2706 824 2786 legiones
836 2707 976 2767 Etruscae
991 2704 1158 2764 sustinuere

155 2790 304 2866 smpetum
319 2785 518 2846 Romanorum
534 2803 543 2854 5
563 2805 656 2864 eques
667 2785 796 2845 maxime
809 2784 968 2844 resistebat
981 2804 990 2852 3
1011 2783 1158 2862 equitum·

157 2885 221 2947 xquc
234 2865 321 2947 longd
335 2864 513 2925 fortissimus
527 2863 590 2944 ipse
607 2883 671 2934 rex,
684 2867 721 2925 ab
734 2864 815 2925 omni
827 2870 913 2944 parte
927 2863 1021 2924 effuse
1034 2883 1158 2944 sequeu-

158 2945 238 3007 tibus
249 2945 423 3086 obequitans
434 2943 585 3013 Romanis,
597 2945 735 3009 trahebat
744 2952 905 3009 certamen.

201 3025 284 3086 XIX.
333 3033 379 3088 rat
393 3031 455 3086 tum
468 3025 548 3085 inter
560 3025 679 3104 equites
692 3026 827 3085 tribunus
840 3023 968 3084 militum
992 3024 1033 3082 A.
1047 3024 1159 3084 Gorne-

160 3104 220 3166 lius
242 3105 363 3176 Cossus,
381 3103 498 3167 eximit
519 3104 741 3186 pulchritudine
758 3104 901 3185 eorporis,
923 3104 1024 3164 animo
1043 3125 1081 3162 uc
1093 3103 1160 3167 uiri-

160 3187 217 3246 bus
239 3207 303 3266 pur,
327 3204 499 3264 memorque
512 3183 639 3265 generis,
653 3184 743 3264 quod,
766 3185 982 3264 amplissimum
995 3189 1160 3263 acceptum,

161 3267 258 3345 majus
271 3267 447 3345 auctiusque
459 3264 580 3343 reliquit
593 3265 721 3344 posteris
732 3284 741 3334 3
754 3262 781 3323 is
792 3284 883 3343 quum
894 3265 932 3326 od
944 3264 1090 3343 impetum
1102 3263 1162 3321 To·

157 3344 278 3414 lumnii,
301 3365 478 3425 quacunque
493 3364 525 3404 se
539 3342 727 3412 intend-isset,
747 3345 933 3425 trepidantes
947 3345 1098 3404 Romanos
1118 3341 1162 3400 vi-

161 3426 250 3486 deret
263 3431 385 3495 turmas,
410 3425 616 3506 insignemque
638 3443 706 3484 euru
718 3423 800 3516 regio
813 3424 914 3505 habitu
928 3423 1102 3483 volitantem
1117 3427 1162 3480 to·

158 3509 197 3567 'ts
217 3505 282 3566 acie
295 3511 463 3585 cognosset,
487 3502 644 3566 “Hirtino
658 3506 736 3573 est,'’
757 3506 864 3584 inquit,
886 3517 949 3563 “ru
971 3509 1019 3562 tor
1037 3500 1162 3562 foederis

164 3585 293 3656 humani,
320 3585 504 3664 violatorque
525 3583 658 3666 gentium
675 3585 777 3665 juris?
792 3587 856 3665 jum
876 3604 931 3665 ego
950 3525 1028 3644 iane
1048 3587 1164 3642 mucta-

160 3669 226 3726 tam
239 3665 399 3733 victituem,
423 3664 460 3742 (si
480 3665 567 3724 ruodo
588 3665 684 3724 suncti
703 3664 863 3743 quicquam
876 3663 1009 3723 interris
1028 3681 1096 3722 esse
1111 3660 1163 3720 Dii

163 3745 279 3824 volunt)
295 3746 456 3823 legatorum
471 3743 605 3804 munibus
620 3744 728 3803 dobo.'’
770 3743 943 3803 calcaribus
964 3740 1102 3808 subditis,
1116 3740 1164 3799 in·

158 3822 241 3881 desti
262 3822 384 3900 cuspide
408 3823 439 3882 iu
460 3841 550 3882 unum
571 3820 668 3881 fertur
686 3821 822 3891 hostem3
842 3842 933 3912 quen-i
951 3839 1046 3900 quum
1065 3819 1164 3880 ictum

162 3916 239 3976 equo
252 3899 420 3977 ‹lcjecisset‚
441 3899 608 3988 confestim
621 3907 653 3966 et
665 3901 829 3983 ipserum
847 3897 1057 3964 muniretur
1068 3899 1166 3980 pedes
