2634 4392
92 265 93 270 '
168 269 244 352 'aas
520 277 523 283 ’
601 283 810 350 nurum
888 235 895 246 ’

183 449 232 520 si3
252 465 349 527 neque
363 449 414 506 aut
427 443 459 504 in
474 443 586 507 curiam
600 445 710 515 roseti
733 445 841 526 quibus
862 454 1040 586 responsum
1053 445 1179 522 dantur,

184 537 237 590 out
251 529 352 589 limine
367 525 460 586 curi-a
476 527 684 587 continebatur
703 535 826 587 senatus
840 547 848 585 r
869 545 901 586 se
943 534 997 606 pro
1011 530 1180 608 aequisque

184 627 222 670 ox
246 607 398 688 superiore
413 605 484 664 luco
498 607 829 678 od1multitndineru,in
843 607 965 666 comitio
975 611 1118 678 stantem,
1131 631 1181 669 vo·

182 688 426 767 canonibusque
447 683 613 765 significare
633 685 785 778 publicam
803 686 952 748 laetitiam.
988 687 1120 748 ‘Beatam
1132 709 1180 747 ur·

182 769 247 828 bem
264 769 438 835 Romanurn,
452 765 646 836 etinvictam,
668 774 700 826 et
722 772 865 836 aeternam
885 767 941 826 illa
956 770 1116 828 concordia
1135 769 1178 828 di·
1223 766 1225 777 '

133 903 136 912 .
182 865 252 909 cere
267 868 274 906 ι
296 848 419 908 laudare
434 845 560 922 equites,
586 846 708 908 laudare
722 847 848 927 plebem,
873 847 955 908 diem
968 847 1065 926 ipsum
1086 849 1180 908 laudi·

180 929 237 988 bus
258 927 489 988 tenerrimam
510 929 580 988 'esse
604 927 692 988 lateri
715 926 887 1003 comitatem
907 927 1180 1008 benignitatemque
1223 928 1225 931 ’

182 1013 316 1070 senatus.
356 1003 503 1068 Certatim
530 1007 671 1082 Patribus
697 1007 835 1088 plebique
858 1025 980 1068 manare
1004 1008 1118 1091 gaudio
1140 1011 1180 1069 la·

180 1089 283 1149 crimes
299 1109 307 1159 ;
327 1087 433 1157 donec,
448 1088 639 1148 revocatia'in
649 1091 763 1147 onnam
776 1087 925 1156 Patribus,
939 1090 1180 1152 senatusconsul-

180 1175 246 1231 tu'rn
260 1169 373 1228 factum
393 1175 449 1238 est,
478 1177 496 1202 ‘⁴
506 1169 552 1230 Ut
565 1169 676 1230 tribuni
699 1167 856 1238 militares,
870 1167 1015 1228 concione
1027 1168 1179 1239 advocati,

179 1249 330 1330 peditibus
358 1250 569 1330 equitibusque
590 1247 701 1330 gratias
721 1254 868 1328 egerente
887 1264 1050 1330 memorem
1064 1251 1178 1331 pietatis
1223 1226 1225 1343 l

179 1347 281 1392 corum
296 1337 366 1409 erga
378 1331 503 1407 patrium
517 1329 654 1388 dicerent
668 1334 806 1387 senatum
819 1327 884 1388 fore
898 1332 907 1399 3‘
929 1329 1050 1408 placere
1077 1338 1177 1399 autem,
1223 1352 1225 1433 q

179 1408 315 1468 omnibus
336 1409 380 1466 bis
402 1407 600 1470 voluntariam
626 1413 713 1491 entra
733 1407 880 1467 ordinem
888 1407 1033 1487 professis
1046 1409 1178 1469 militiam
1223 1438 1225 1513 q

181 1509 241 1548 aera
256 1487 457 1568 procedere;”
479 1495 510 1549 et
531 1487 626 1567 equiti
640 1493 741 1548 certus
753 1506 895 1551 numerus
910 1487 980 1547 aeris
991 1496 1038 1548 est
1049 1489 1179 1570 assigna·

178 1573 237 1627 tue.
278 1565 357 1626 Tum
380 1567 509 1648 primum
530 1567 615 1660 equis
635 1585 750 1626 merere
768 1567 890 1645 ‘equites
912 1574 1080 1648 coeperunt,
1124 1571 1179 1630 Vo-

178 1645 329 1707 luntarius
343 1647 452 1710 ductus
473 1655 623 1715 exercrtus
637 1647 730 1726 Vejos
753 1666 812 1706 non
826 1647 935 1706 amissa
947 1647 1035 1706 m'odd
1046 1640 1179 1709 restitnit

178 1745 278 1807 opera,
302 1729 355 1788 sed
369 1745 446 1789 nova
461 1730 550 1792 etiarn
562 1726 718 1798 instituit;
738 1729 775 1787 ab
792 1730 865 1786 urbe
886 1732 1072 1786 commeatus
1084 1737 1177 1788 ruten-

178 1807 263 1877 tiore,
285 1809 375 1886 quim
390 1815 487 1879 antea,
515 1805 637 1868 subvehi
651 1814 746 1878 cura;
767 1826 805 1867 ne
819 1805 891 1887 quid
904 1811 967 1866 torn
981 1809 1058 1868 bene
1081 1809 1176 1869 merito

178 1887 322 1946 exercitui
337 1887 374 1946 ad
390 1907 476 1947 nsum
492 1889 621 1946 deesset.

216 1966 305 2026 v111.
327 1967 493 2046 insequens
508 1982 603 2026 annus
616 1963 751 2025 tribunos
764 1964 894 2026 militum
907 1967 1061 2027 consulari
1085 1974 1176 2049 potes·

176 2050 240 2106 tote
265 2045 373 2106 babuit
392 2047 428 2110 C.
443 2046 601 2108 Servilium
613 2045 743 2106 Ahalam
763 2046 896 2115 tertium,
909 2047 946 2121 Q.
960 2048 1133 2118 Servilium,
1145 2051 1176 2108 1.

176 2124 354 2208 Virginiom,
369 2125 405 2200 Q.
419 2126 596 2208 Sulpicium,
611 2128 650 2185 A.
664 2125 817 2185 Manlium
837 2126 955 2195 iterum,
982 2127 1030 2186 M.
1044 2128 1105 2188 Ser
1125 2137 1175 2188 ‘un

175 2204 308 2277 iterdm3
327 2205 374 2268 his
395 2206 531 2278 tribunis,
555 2207 628 2266 dum
652 2206 875 2266 cnra‘omniurn
888 2204 919 2279 in
933 2207 1059 2287 Vejens-
1123 2210 1175 2267 lom

174 2284 293 2348 intento
307 2291 362 2356 est,
376 2287 547 2368 neglectum
562 2285 680 2346 Anxuri
693 2285 867 2366 praesidium
881 2286 1090 2347 vacationibus
1102 2287 1176 2348 rnili-

175 2373 250 2437 tum,
262 2375 293 2428 et
307 2367 433 2427 Volscos
448 2373 625 2428 mercatores
637 2365 733 2447 vulgd‘
739 2366 931 2445 receptando,
939 2367 1064 2448 proditis
1073 2387 1177 2449 repen·

174 2447 206 2506 tt
219 2455 372 2527 portarum
388 2447 570 2516 custodibus,
584 2463 759 2526 oppressum
779 2453 826 2506 eat
836 2446 967 2517 anninus
984 2447 1113 2507 rnilitum
1123 2466 1176 2529 pe·

173 2525 232 2596 siit,
252 2527 323 2606 quia
336 2533 447 2606 prater
462 2546 557 2608 aegros
576 2525 707 2601 lixarum
719 2526 752 2586 in
766 2526 885 2587 modum
901 2543 1005 2586 omnes
1019 2549 1074 2608 per
1093 2546 1175 2609 agros

173 2605 348 2684 ⁷ricinasque
362 2609 694 2690 urbesnegotiabantur.
735 2606 803 2668 Nec
814 2606 1175 2690 Vejismeliusgesta'res,

132 2709 138 2716 ¹
174 2685 253 2762 quod
267 2691 437 2763 tumcapnt
451 2688 582 2746 omnium
597 2706 735 2752 curarum
749 2685 935 2766 publicarum
949 2693 1036 2757 erat;
1055 2705 1126 2748 nam
1149 2704 1177 2746 et

173 2763 266 2824 duces
287 2764 415 2822 Romani
439 2765 507 2844 plus
520 2762 601 2826 inter
614 2778 646 2823 se
667 2764 789 2833 iromus,
807 2767 904 2844 quam
918 2767 1066 2826 adversus
1078 2767 1176 2827 hostes

172 2843 273 2913 animi,
293 2843 460 2904 habuerunt
475 2865 483 2903 ι
505 2851 536 2916 et
549 2851 670 2904 auctum
685 2849 732 2905 est
745 2844 856 2904 bellurn
871 2846 1004 2906 adventu
1019 2847 1174 2928 repentino

172 2923 371 3004 Capenatium
397 2931 500 3006 atque>
513 2925 708 2984 Faliscorum.
753 2925 799 2984 Hi
822 2925 883 2985 duo
910 2926 1043 2986 Etruriae
1066 2927 1177 3008 popuii,
1223 2948 1225 2957 ·

172 3005 244 3082 quia·
269 3004 396 3086 proximi
420 3005 539 3088 regione
563 3010 658 3074 erant,
683 3003 812 3066 devictis
839 3005 932 3086 Vejis,
956 3005 1039 3066 bello
1058 3027 1176 3087 quoqne

171 3085 306 3145 Romano
334 3105 366 3144 se
378 3089 528 3166 proximos
542 3085 605 3144 fore
620 3085 777 3144 credentes
792 3105 801 3155 ;
823 3085 935 3145 Falisci
948 3086 1070 3180 propria
1084 3087 1177 3146 etiam
1223 3076 1225 3137 l

171 3173 262 3224 causa
278 3165 389 3234 infanti,
413 3167 493 3243 quod
508 3164 647 3224 Fidenati
660 3164 738 3222 bello
758 3183 790 3223 se
809 3165 875 3243 jam
898 3172 987 3226 antea
1006 3166 1178 3228 immiscue-

170 3255 247 3313 rant,
266 3265 321 3323 per
335 3247 448 3326 legatos
462 3246 542 3304 ultro
557 3244 692 3322 citroque
710 3242 817 3302 missos
825 3245 1025 3325 jurejurando
1044 3246 1130 3307 inter
1148 3266 1178 3305 se

170 3323 301 3404 obligati,
335 3345 402 3384 cunr
425 3324 603 3384 exercitibus
629 3321 808 3402 necopinato
832 3325 870 3384 ad
894 3324 986 3405 Vejos
1010 3345 1179 3386 accessere.

170 3403 260 3464 Fons
284 3411 320 3464 cei
334 3404 463 3486 regione,
488 3410 549 3485 quir
562 3405 608 3464 M.
623 3403 752 3484 Sergius
764 3404 902 3465 tribunus
925 3405 1055 3466 rnilitum
1075 3425 1178 3488 praee·

172 3491 229 3553 rat,
255 3489 352 3544 castra
380 3483 483 3546 adorti·
503 3490 582 3552 sunt,
607 3482 822 3563 ingentemque
847 3491 992 3546 terrorem
1019 3487 1179 3554 intudem

169 3564 241 3642 quia
255 3562 407 3624 Etruriam
421 3583 540 3626 omnem
552 3562 682 3624 excitam
702 3563 825 3623 sedibus
837 3570 945 3646 magua
965 3567 1046 3626 nrole
1065 3567 1178 3626 adesse

169 3643 295 3704 Ronrani
308 3642 499 3704 crediderant
512 3664 522 3714 3
542 3642 647 3702 eadem
665 3641 765 3722 opinio
780 3644 924 3724 Vejentes
938 3643 970 3704 in
983 3647 1055 3704 orbe
1068 3645 1179 3705 conci·

168 3722 252 3780 tavit.
294 3724 340 3782 lta
363 3722 485 3804 ancipiti
508 3721 617 3801 proelio
631 3729 732 3782 castra
744 3723 888 3800 Murano·
900 3726 1160 3805 oppugnabantur
1170 3745 1180 3794 ;

168 3809 449 3880 concursantesque,
473 3821 567 3880 quum
590 3801 648 3860 huo
663 3811 754 3880 atque
775 3803 849 3862 illuc
863 3803 949 3884 signa
961 3799 1179 3870 bansferoent,

168 3889 223 3933 nec
239 3878 396 3956 Vejeutem
410 3879 483 3942 sutis
497 3879 729 3945 cobibereintra·
747 3880 936 3953 munitiones,
958 3902 1014 3945 nec
1027 3881 1096 3945 saia
1112 3903 1179 3946 mn·
1223 3946 1225 3949 .
