2634 4392
489 360 492 365 ι
549 269 747 374 uranum.
917 339 919 347 Ι
1067 275 1156 336 rer
1219 230 1220 295 3

96 433 97 436 ’
161 437 305 502 rarescant,
328 429 518 510 Fidenasque
531 432 622 512 prope
636 423 748 511 saepids
762 435 873 510 captas,
899 429 988 510 quim
1004 449 1154 511 oppugna-

159 518 215 574 tas.
256 511 429 572 Eosdem'et
441 513 590 572 Romanos
603 517 635 570 et
646 511 746 572 hostes
756 520 832 591 esse,
846 511 897 588 qui
908 532 962 590 per
984 516 1029 570 tot
1052 512 1156 570 secula

160 591 293 653 luerint:
314 592 434 653 eosdem
448 591 572 660 animos,
581 591 702 652 easdem
714 589 845 670 corporis
855 590 943 660 vires,
956 591 1061 650 eadem
1075 610 1157 650 arma

157 689 260 754 gerere
274 691 284 743 3
304 691 336 732 se
350 691 468 752 quoque
479 671 606 732 earndem
616 671 792 731 dictatorem
804 669 899 730 Mam.
910 670 1069 730 AEmilium
1078 688 1156 740 esse,

96 753 97 762 ’
158 751 294 830 quiante
308 751 479 832 Vejeutium
501 750 759 830 Fidenatiumque,
782 749 932 830 adjunctis
956 750 1092 819 Faliscis,
1114 750 1155 810 ad
1219 800 1220 815 2

159 830 345 900 Nomentum
369 831 516 891 exercitus
543 829 675 891 fuderitr
708 836 740 890 et
755 829 936 912 ‚magistrum
956 830 1091 922 equitum
1117 829 1156 907 A.

162 906 332 972 cornelium
348 910 473 970 eundem
485 909 517 969 in
531 910 594 973 acio
605 911 680 979 iore,
693 910 745 990 qui
758 909 855 990 priore
864 911 944 969 bello
953 913 1090 970 tubanus
1101 909 1158 969 mi·

159 989 255 1060 litum,
267 991 360 1052 Larte
373 989 535 1052 Tolumnio
547 1009 616 1072 rege
629 990 802 1070 Vejentium
815 990 847 1050 in
859 996 1020 1070 conspecto
1029 989 1157 1049 duorum

160 1069 345 1130 exercituum
359 1069 466 1138 occiso,
478 1069 572 1151 spolie
583 1069 681 1150 opima
693 1070 711 1129 J
713 1070 776 1130 ovis
786 1069 913 1130 Feretrii
925 1069 1037 1208 templo
1048 1069 1158 1128 intule-

160 1150 211 1210 rit.
251 1150 506 1220 Proinmemores,
520 1168 623 1211 secum
635 1149 984 1231 triumphasserarmspo
998 1149 1035 1218 ia,
1056 1168 1159 1209 secum
1219 1160 1220 1169 ¹

161 1229 318 1290 victoriam
331 1248 421 1300 esser
441 1249 510 1288 cum
531 1229 666 1288 hostibus
684 1231 782 1306 scelus
803 1230 814 1289 l
869 1235 966 1290 torum
990 1235 1094 1290 conba
1107 1232 1161 1310 jus

159 1310 297 1390 gentium
310 1308 543 1378 interfectorum,
563 1308 680 1369 caedem
692 1309 725 1367 in
738 1249 1028 1388 paceeFldenatium
1041 1309 1161 1369 colono-

159 1409 240 1458 rum,
252 1387 389 1448 inducias
402 1395 513 1467 ruptas,
527 1387 683 1468 septimam
693 1385 848 1448 infelicent
856 1389 1068 1458 defectionem,
1079 1408 1162 1450 arma

160 1473 316 1549 caperent.
337 1465 542 1527 Simul‘castra'
553 1466 658 1526 castris
670 1467 905 1547 conjunxissent,
916 1469 987 1529 satis
998 1469 1159 1539 confidere,

159 1567 219 1608 nec
234 1545 469 1607 sceleratissimis
489 1545 622 1606 hostibus
636 1545 811 1620 diuturnum
822 1567 860 1608 ex
870 1547 1032 1631 ignominia
1044 1550 1159 1610 exerci-

159 1633 212 1688 tius
227 1626 352 1688 Romani
365 1625 504 1706 gaudium
518 1625 581 1685 fore
596 1644 605 1694 ;
626 1631 668 1684 ‘et
679 1626 821 1762 populum
834 1627 1003 1689 Mmauum
1019 1629 1161 1690 intellec·

160 1711 275 1775 turum,
287 1714 399 1784 quanto
413 1704 521 1764 melids
536 1704 574 1764 de
588 1707 680 1784 repub
691 1703 739 1765 ica
749 1705 856 1766 ‘meriti
869 1707 939 1778 sint,
950 1709 1003 1787 qui
1015 1728 1048 1771 se
1062 1711 1160 1769 dicta·

159 1791 257 1846 torem
271 1783 395 1844 tertidm
408 1782 558 1854 dixerint3
578 1785 669 1864 quim
693 1797 753 1856 eos,
778 1786 840 1864 qui,
854 1789 890 1846 ob
902 1793 1038 1868 ereptum
1052 1809 1161 1850 censu·

159 1885 206 1925 rae
228 1883 361 1956 regnpm
387 1864 484 1925 labem
509 1865 650 1926 secunda
672 1865 831 1927 dictaturae
855 1886 918 1928 suae
932 1867 1160 1949 imposuerint”

162 1943 250 2004 Votis
264 1943 372 2004 demde
391 1943 571 2024 nuncupatis
585 1944 747 2025 profectus,
760 1945 842 2007 mille
857 1951 889 2006 et
900 1947 1078 2030 quingentos
1088 1947 1161 2031 pas-

163 2043 219 2084 sus
233 2023 307 2084 citra
327 2024 457 2085 Fidenas
471 2031 569 2086 castra
580 2025 683 2087 locat:
703 2026 810 2086 dextra
829 2028 989 2100 montibus,
1011 2029 1161 2098 133νᾶΤί-

161 2103 228 2164 beri
239 2121 325 2163 amne
339 2108 450 2182 septus.
491 2105 529 2163 T.
543 2103 718 2177 Quinctium
728 2106 865 2167 Pennum
889 2107 1019 2188 legatum
1033 2129 1163 2190 occupa·

162 2203 198 2244 re
210 2188 334 2244 anantes
336 2185 431 2263 jubet,
443 2183 654 2262 occultumque
664 2184 695 2244 id
700 2187 806 2264 jurum
821 2206 936 2266 capere,
956 2190 1038 2266 quod
1051 2191 1087 2249 ab
1102 2196 1162 2248 ter-

160 2283 202 2345 go
222 2261 355 2322 hostibus
374 2261 459 2324 foret.
500 2265 569 2344 Ipse
595 2269 713 2344 postem
734 2236 792 2335 die,
818 2283 911 2346 quum
938 2268 1059 2330 Etrusci
1080 2270 1162 2350 pleni

158 2341 326 2418 annnorum
349 2345 386 2402 ab
400 2342 516 2423 pristini
532 2343 601 2404 diei‘
616 2343 738 2405 meliore
751 2346 915 2417 occasione,
938 2348 1030 2426 quim
1052 2369 1160 2430 pugna,

159 2423 192 2482 in
207 2423 300 2484 aciem
315 2419 538 2501 processissent,
552 2429 711 2484 cunctatas
724 2446 892 2518 parumper,
903 2427 975 2486 dom
989 2429 1159 2508 speculato-

155 2501 377 2571 resreferrent,
390 2501 565 2574 Quinctium
579 2503 710 2564 evasisse
722 2526 754 2565 m
764 2508 870 2588 jugum
884 2508 1082 2589 propinquum
1096 2509 1159 2569 arci
1219 2578 1220 2581 Ἴ

164 2579 355 2650 Fidenarum,
383 2581 466 2662 signa
479 2581 610 2662 profert:
649 2583 842 2664 peditumque
866 2588 961 2648 aciem
985 2588 1163 2650 instructam

159 2662 253 2742 pleno
266 2661 360 2742 gradu
382 2660 414 2722 iu
434 2661 549 2724 bostem
569 2662 712 2723 inducit:
732 2665 871 2748 magistro
898 2669 1032 2750 equitum
1054 2671 1164 2750 praeci-
1219 2670 1220 2699 ³

118 2781 121 2786 ‹
159 2741 216 2822 pit,
244 2752 261 2777 ‘⁴
272 2759 312 2800 ne
334 2740 450 2822 injussu
477 2760 606 2834 pugnam
632 2743 781 2825 incipiat:
824 2767 867 2816 se,
901 2768 994 2829 quum
1017 2771 1092 2831 opus
1118 2751 1166 2822 ait,
1219 2760 1220 2763 ’

163 2820 299 2900 equestri
325 2821 434 2880 auxilio
461 2841 578 2900 srgaum
602 2823 772 2895 daturuma
794 2832 860 2888 tum
887 2835 919 2893 at
944 2850 1056 2890 memor
1078 2832 1165 2912 regiae

162 2917 284 2980 pugnae,
315 2917 427 2958 memor
446 2901 536 2978 opimi
556 2901 636 2969 doni,
668 2905 848 2987 Romulique
869 2927 904 2968 ac
925 2909 1008 2968 Jovis
1029 2911 1166 2983 Feretrii,

161 2997 230 3039 rem
239 2977 390 3058 gereret.”
430 2977 578 3058 Legiones
591 2980 705 3060 impetu
716 2983 830 3063 ingenti
841 2987 929 3045 canili
959 2994 1013 3050 rut.
1054 2991 1165 3052 Roma
1192 3042 1197 3056 .

162 3077 223 3119 nus
243 3056 311 3118 odio
338 3075 492 3126 accensus,
511 3057 635 3141 impium
656 3059 841 3132 Fidenatem,
861 3008 1035 3145 pradbnem
1055 3069 1167 3148 Vejen-

165 3145 240 3204 tem,
259 3140 396 3216 raptores
407 3135 607 3208 induciarum,
631 3145 771 3204 cruentos
784 3142 949 3223 legatorum
969 3146 1093 3206 infandis
1108 3171 1166 3210 aas·

165 3217 216 3283 de,
230 3233 377 3294 respersos
390 3216 543 3298 sanguine
566 3219 738 3286 colonorum
759 3242 887 3296 suorum,
910 3225 1040 3316 perfidos
1058 3230 1167 3301 socios,

165 3294 301 3440 imblelltes
321 3295 421 3358 hostes
442 3297 635 3382 compellans,
656 3298 751 3377 sactis
778 3301 872 3367 simul
888 3302 1049 3396 dictisque
1067 3311 1166 3376 odiam

169 3392 258 3452 expe
303 3401 306 3407 ·
505 3401 507 3406 ·
630 3393 634 3400 ·
916 3440 922 3452 ,

148 3485 161 3512 ·
210 3453 356 3515 XXXIII.
398 3459 599 3524 Concusserat
619 3465 716 3544 primo
731 3468 833 3529 statim
854 3489 1012 3552 congresso
1033 3472 1167 3532 bostem:

166 3553 259 3623 quum
279 3538 411 3628 repenti,
427 3540 587 3620 patefactis
608 3544 789 3608 Fidenarum
812 3551 914 3627 portis,
935 3572 1014 3623 nova,
1036 3555 1164 3628 erornpit

166 3632 257 3684 acres,
275 3616 414 3707 mandata
434 3626 504 3680 ante
530 3621 562 3682 id
588 3629 649 3684 tem
671 3645 708 3684 us
727 3626 940 3709 inuisitataque
952 3651 961 3701 3
982 3630 1100 3710 ignibus
1121 3628 1166 3691 ar-

166 3699 247 3754 mata
273 3713 379 3832 rupeas
401 3699 582 3771 multitudo,¹
600 3703 774 3784 facibusque
795 3706 1049 3773 ardentibusque
1073 3713 1165 3772 cailla-

168 3791 250 3841 cens,
271 3793 306 3831 ve
322 3779 355 3834 ut
368 3775 498 3839 fanatico
508 3780 652 3842 instincta
671 3805 768 3854 cursu,
782 3785 813 3846 in
828 3789 942 3848 hostem
958 3792 1039 3850 ruit:
1061 3793 1168 3852 torma·

161 3867 226 3930 ¹que
251 3851 381 3916 insolitoe
407 3875 515 3940 pugnae
529 3861 870 4002 ἔέωαηοεραηιωρετ
896 3871 1050 3931 exterruit.
1090 3874 1119 3936 T
1121 3895 1171 3938 orn
