2634 4392
143 269 203 326 aso
559 267 598 330 u.
619 265 727 375 mvn

82 421 83 444 ¹
144 425 293 502 Kalendis
313 425 488 488 Octobribus
512 425 719 516 magistratum
732 423 1049 505 acciperenttxseqire
1074 433 1146 492 auto

145 525 211 566 eam
225 505 302 566 diem
317 504 491 584 magistratu
505 505 690 564 abdicavere.
724 509 729 570 j
910 578 914 584 ἱ
1106 579 1110 582 ᾖ

185 587 222 644 Χ.
243 585 278 643 L.
292 585 412 644 Valerio
427 584 525 644 Potito
539 586 688 662 quartum,
713 584 758 643 Μ.
773 584 862 643 Furio
883 584 1012 642 Camillo
1026 584 1147 656 iterum,

144 663 191 724 M.
203 663 327 725 AEmilio
339 663 525 724 Mamercino
539 663 670 731 tertium,
690 664 748 722 Cn.
760 664 902 724 Cornelio
916 664 1012 724 Cosso
1026 665 1146 738 iterum,

144 745 183 804 K.
198 743 288 802 Fabio
300 745 456 812 Ambusto,
477 745 513 802 L.
526 744 543 804 J
547 741 605 802 ulio
620 745 696 812 lule,
714 743 841 803 tribunis
861 742 991 802 militum
1006 747 1148 804 consula-

143 823 170 882 ri
189 829 350 904 potestate,
376 824 471 884 multa
491 823 571 884 domi
584 823 760 904 militiaeque
779 829 864 903 gesta
875 843 884 893 ;
896 825 975 882 'nam
990 831 1020 882 et
1032 825 1151 884 bellum

142 901 301 982 multiplex
313 903 371 964 fuit
389 904 493 979 eodem
513 914 654 983 tempore,
668 905 708 963 ed
721 905 821 982 Vejos‚
835 912 866 961 et
880 903 918 960 ad
934 903 1100 981 Capenam,
1115 912 1149 965 et

145 983 184 1043 ed
197 983 339 1050 Falerios,
353 989 383 1042 et
397 983 428 1042 in
443 984 571 1052 Volscis,
585 990 619 1042 ut
633 987 741 1044 Anxur
755 986 790 1042 ab
802 982 937 1042 hostibus
952 1002 1149 1062 recuperare-

144 1069 195 1124 tur
210 1085 217 1121 :
239 1071 269 1123 et
281 1064 381 1122 Romae
397 1063 484 1122 simul
498 1063 627 1134 delectu,
642 1060 731 1123 simul
745 1061 1056 1130 tributoconferendo,
1065 1063 1150 1123 labo·

144 1149 243 1204 ratum
263 1149 329 1202 est:
351 1149 381 1203 et
402 1144 439 1202 de
453 1143 579 1204 tribunis
595 1143 693 1220 plebei
706 1142 879 1222 cooptandis
893 1141 1048 1200 eontentio
1070 1143 1148 1202 fuit:

145 1229 177 1282 et
191 1223 270 1282 haud
283 1233 406 1314 parvum
421 1232 531 1282 motum
554 1224 613 1284 duo
622 1223 738 1303 judicia
751 1242 862 1290 eorum,
888 1220 940 1298 qui
964 1223 1061 1300 paulo
1076 1224 1149 1281 aute

145 1303 295 1362 consulam
309 1309 455 1382 potestate
468 1303 596 1370 fuerant,
611 1302 756 1360 exciuere.
796 1300 934 1360 Omnium
950 1301 1080 1379 primum
1094 1301 1150 1360 tri-

144 1382 233 1442 bunis
242 1382 367 1440 militum
383 1381 454 1450 fuit,
464 1382 613 1440 delectum
628 1381 748 1449 haberi3
757 1401 814 1438 nec
821 1380 956 1458 juniores
968 1381 1059 1466 mode
1073 1401 1146 1440 con·

146 1462 260 1540 scripti,
275 1463 325 1520 sed
342 1462 471 1525 seniores
486 1461 576 1519 etiam
590 1461 687 1519 eoecti
700 1459 819 1519 nomina
831 1459 911 1525 dare,
934 1467 969 1518 ut
982 1459 1063 1519 urbis
1077 1480 1148 1520 cus-

144 1539 256 1602 todiam
265 1549 395 1620 agerent.
410 1540 559 1612 Quantum
573 1546 671 1599 autem
683 1543 845 1619 augebatur
856 1537 984 1597 militum
996 1559 1148 1610 numerus,

145 1625 229 1681 tanto
244 1623 354 1698 majore
367 1619 496 1718 pecunia
508 1619 539 1678 iu
551 1619 730 1698 stipendium
743 1639 816 1698 opus
826 1625 891 1677 erat
905 1639 913 1675 ε
928 1639 1023 1697 eaque
1032 1619 1144 1678 tributo

147 1701 363 1768 conferebatur,
389 1697 492 1760 invitis
514 1699 744 1768 conferentibus,
771 1699 822 1776 qui
843 1697 1146 1768 ‹lonri1·emanebant,

146 1781 219 1861 quia
246 1780 398 1840 tuentibus
419 1783 522 1838 urbem
543 1787 632 1858 opert
658 1799 776 1858 quoque
801 1777 921 1838 militari
942 1778 1150 1854 laboramlum,

146 1860 396 1937 serviendumque
412 1859 580 1938 reipublicae
596 1866 668 1918 erat
710 1860 785 1916 Haec
799 1877 852 1936 per
866 1878 899 1916 se
911 1858 1023 1936 gravia,
1047 1858 1148 1938 indig-

146 1941 230 2000 niora
243 1955 277 1998 ut
290 1937 474 2006 viderentur,
500 1937 608 1995 tribuni
621 1937 717 2018 plebis
732 1937 881 1997 seditiosis
896 1937 1089 1996 concionibus
1105 1939 1150 1997 fa·

147 2020 287 2088 ciebant;
308 2019 403 2080 “ideo
430 2037 490 2076 aera
515 2014 656 2076 militibus
682 2016 843 2076 constituta
870 2019 959 2076 esse’⁷
984 2039 1017 2076 ar
1040 2017 1150 2088 nendo,

145 2104 213 2158 “ut
240 2097 334 2178 plebis
361 2102 475 2177 partem
507 2095 624 2166 militis,
664 2104 778 2177 partem
809 2096 918 2157 tributo
953 2039 1147 2158 conticerent.

146 2179 249 2238 Unum
264 2177 374 2238 bellum
390 2175 509 2238 annum
522 2180 584 2256 jam
600 2177 719 2236 tertium
734 2175 820 2246 trabi,
847 2182 878 2235 et
905 2177 1045 2235 consulto
1070 2178 1149 2238 male

146 2252 218 2340 geri,
245 2265 280 2317 ut
293 2257 407 2322 diutibs
422 2265 527 2338 gerant
541 2278 550 2327 ;
570 2257 601 2316 in
616 2255 864 2336 quatuor-deinde
877 2257 956 2315 bella
967 2277 1030 2315 uno
1045 2257 1147 2317 delec-

146 2345 181 2399 tu
197 2338 345 2400 exercitus
359 2338 495 2416 scriptos,
523 2345 553 2396 et
568 2357 673 2422 pueros
687 2357 804 2414 quoque
818 2357 852 2396 ae
877 2355 965 2395 senes
988 2344 1146 2396 extractos.

146 2420 214 2479 Jam
238 2439 296 2478 nou
313 2417 427 2476 aestatis
451 2435 506 2475 nec
527 2414 638 2473 hiemis·
651 2416 816 2486 ¹discrimen
831 2423 906 2484 esse,
930 2437 968 2475 ne
983 2417 1045 2474 ulla
1058 2415 1146 2495 quies

145 2517 277 2576 unquam
300 2497 419 2555 miserae
445 2494 523 2574 plebi
547 2494 609 2554 sit:
630 2514 698 2574 quae
725 2495 908 2554 nuncetiam
931 2496 1088 2574 vectigalis
1109 2497 1150 2554 ad

144 2578 282 2637 ultimum
296 2576 376 2640 facta
401 2574 463 2646 sit;
484 2581 527 2649 ut,
551 2593 642 2653 quum
668 2575 803 2635 conlecta
826 2575 936 2643 labore,
962 2576 1150 2645 vulneribus,

144 2658 295 2738 postremo
308 2661 396 2714 aelate
418 2675 541 2734 corpora
556 2654 721 2722 retulerint,
745 2654 917 2733 incultaque
938 2655 1038 2713 omnia
1058 2654 1149 2714 diuti-

145 2757 184 2798 no
199 2735 385 2794 dominorum
399 2733 547 2792 desiderio
572 2733 652 2791 domi
673 2733 852 2802 invenerint,
879 2735 1023 2794 tributum
1045 2755 1083 2793 ex
1104 2735 1149 2792 al·

145 2815 225 2877 fecta
240 2833 272 2872 re
286 2811 424 2872 familiari
449 2813 744 2903 pendentemque
758 2812 909 2883 militaria,
934 2814 1019 2872 uelut
1034 2812 1148 2874 fenore

146 2901 279 2974 accepta,
303 2891 480 2972 multiplicia
494 2892 664 2972 reipublice
689 2892 848 2952 reddant.”
889 2895 974 2953 Inter
995 2893 1147 2952 delectum

144 2976 359 3052 tributumque,
371 2979 402 3032 et
415 2979 575 3052 occupatos
585 2973 700 3032 animos
715 2976 970 3053 majorumrerum
992 2973 1082 3040 curis,
1098 2994 1150 3034 co·

145 3055 237 3118 mitiis
251 3055 435 3115 tribunorum
456 3051 551 3132 plebis
579 3073 719 3118 numerus
733 3052 847 3134 expleri
861 3053 986 3131 nequiit.
1027 3055 1151 3132 Pugna-

145 3144 210 3197 tum
225 3135 304 3202 imle‚
319 3134 350 3192 in
363 3133 430 3211 loca
440 3151 534 3192 vacua
548 3139 583 3192 ut
603 3132 720 3212 patricii
735 3140 943 3213 cooptarentur
959 3154 968 3204 ς
991 3139 1148 3212 postquam

145 3215 272 3276 obtineri
295 3233 355 3274 uon
380 3217 506 3294 poterat,
533 3213 866 3293 tornensslabelactandse
890 3212 965 3293 legis
986 3213 1152 3274 Treboniae

145 3300 237 3354 cause
252 3293 388 3352 effectum
405 3297 460 3362 est,
474 3299 509 3350 ut
523 3300 733 3371 cooptarentur
755 3292 976 3373 tribuniplebis
998 3293 1034 3352 C.
1048 3295 1153 3352 llace·

145 3377 207 3435 rius
221 3380 252 3434 et
265 3374 311 3432 M.
328 3373 467 3441 Acutius,
487 3371 565 3433 haud
581 3373 671 3432 dubie
684 3371 877 3454 patriciorum
892 3372 1005 3451 opibus
1050 3422 1068 3434 x

186 3455 241 3514 Xl.
262 3453 335 3512 Fors
349 3451 392 3514 ita
405 3451 486 3519 tulit,
511 3459 592 3510 uteo
607 3471 686 3511 anno
699 3453 835 3513 tribunus
850 3453 945 3533 plebis
961 3454 1017 3512 Cn.
1031 3453 1152 3512 Trebo-

146 3535 214 3598 nius
236 3538 325 3601 esset,
339 3530 390 3610 qui
404 3531 514 3592 nomini
530 3552 564 3590 ac
579 3531 701 3590 familiae
717 3533 847 3592 debitum
864 3541 1007 3610 prestare
1027 3531 1151 3591 videre·

145 3622 196 3675 tur
216 3610 373 3672 Treboniae
401 3610 475 3690 legis
499 3610 716 3690 patrocinium
736 3610 773 3680 is,
794 3625 811 3649 “
823 3611 900 3690 quod
927 3611 1074 3690 petissent
1089 3614 1152 3671 Pa·

146 3701 209 3754 tres
221 3691 351 3770 quidam,
372 3691 466 3770 primo
478 3691 596 3770 incepto
610 3689 733 3771 repulsi,
755 3698 855 3751 tamen
869 3691 1004 3749 tribunos
1018 3691 1153 3750 militum

148 3771 367 3852 expugnasse?
390 3767 564 3837 vociferans,
592 3769 717 3850 “legem
733 3770 909 3839 Treboniam
937 3771 1096 3838 sublatam,
1123 3779 1155 3830 el

150 3855 300 3927 cooptatos
322 3847 456 3910 tribunes
469 3849 564 3933 plebis
584 3867 643 3910 non
664 3849 808 3932 suffragiis
821 3850 933 3934 populi,
957 3849 1009 3911 sed
1023 3849 1155 3930 imperio
