2634 4392
102 387 103 390 Ν
179 310 238 388 ω
589 306 629 365 s.
643 304 750 389 mun

175 464 243 526 hius
256 464 379 527 consilio
391 465 492 526 neutri
503 464 583 545 parti
595 468 701 527 acerbo
715 486 776 525 rem
789 465 967 549 expedisset.
1008 466 1047 525 Τ.
1061 463 1165 540 Quinc·

175 544 212 603 tii
232 547 325 605 ductu
345 551 377 605 et
398 542 530 625 auspicio
553 545 616 627 agri
636 544 716 625 capti
736 546 834 625 priore
858 566 936 606 auno
956 544 1166 625 aliquantums

175 624 294 686 Volscis
314 645 401 686 esse:
422 625 557 701 Antium,
580 622 784 705 propinquam,
798 632 1004 717 opportunam,
1018 622 1050 687 et
1063 626 1165 686 mariti-

102 773 103 794 *
174 724 253 766 mam
267 708 379 775 urbem,
403 705 547 766 coloniam
562 705 673 765 deduci
694 704 799 785 posse:
819 712 865 765 lta
878 705 941 767 sine
963 707 1094 785 querelis
1106 726 1164 787 pos-

174 803 323 845 sessorum
336 786 453 865 plebem
464 786 496 843 in
509 805 595 865 agros
607 784 725 853 ituram,
740 784 891 845 civitatem
912 786 944 847 in
957 786 1116 845 concordia
1127 786 1165 845 fo·

173 885 215 924 re.
256 868 335 926 Haec
356 864 507 925 sententia
526 871 650 944 accepta
676 871 734 926 est,
771 864 958 925 Triumviros
980 886 1055 947 agro
1075 866 1165 928 dando

174 951 258 1005 creat
265 945 304 1003 T.
314 944 498 1021 Quinotium,
511 946 551 1004 A.
564 944 744 1026 virginium,
758 945 793 1004 P.
804 945 926 1005 Furium
939 965 948 1014 ;
964 946 1042 1025 jussi
1055 946 1165 1005 nomina

173 1025 255 1092 dare,
268 1024 320 1105 qui
333 1046 437 1105 agrum
449 1024 725 1105 acciperevellent.
779 1024 865 1084 Fecit
880 1025 947 1085 stat'
997 1026 1042 1105 (ut
1054 1026 1100 1107 fit)
1115 1025 1164 1085 fas·

173 1104 284 1169 tidium
295 1106 397 1185 copia3
419 1106 554 1183 adedque
570 1104 663 1201 pauci
677 1104 797 1165 nomina
810 1104 932 1174 dedere,
945 1111 981 1165 ut
994 1106 1034 1165 ad
1053 1106 1164 1182 explen-

172 1185 244 1245 dum
272 1204 427 1249 numerum
442 1185 539 1244 coloni
553 1184 657 1245 iolsci
672 1184 872 1244 adderentur:
900 1191 1002 1247 cetera
1015 1184 1165 1245 multitudo

171 1279 296 1343 poscere
314 1265 415 1325 Romae
429 1284 532 1345 agrum
544 1264 644 1333 malle,
656 1264 746 1341 quam
761 1262 991 1345 alibiaccipere.
1046 1264 1133 1343 AEqui
1150 1264 1165 1323 i

174 1344 210 1417 Q.
224 1344 315 1403 Fabio
341 1344 378 1423 (is
392 1344 429 1402 eo
443 1364 510 1403 cum
525 1344 663 1404 exercitu
676 1342 811 1424 venerat)
839 1361 945 1423 pacem
958 1344 1084 1436 petiere,
1108 1342 1164 1401 irri-

171 1431 295 1503 tamque
309 1443 374 1491 earn
385 1418 442 1513 ipsi
454 1422 552 1484 subita
565 1421 736 1483 incursione
746 1422 778 1482 in
788 1442 891 1503 agrum
904 1424 1049 1485 Latinum
1070 1423 1165 1483 fecere.

213 1504 256 1563 ΙΙ.
277 1503 313 1576 Q.
327 1501 482 1572 Servilius,
491 1501 662 1582 insequenti
677 1522 754 1563 anno
770 1502 806 1583 (is
818 1502 898 1561 enim
912 1522 980 1563 cum
995 1504 1047 1585 sp.
1069 1504 1163 1562 Postu·

169 1582 229 1643 mio
243 1582 346 1642 consul
364 1580 433 1664 fuit)
448 1581 480 1641 in
492 1586 607 1662 AEquos
621 1582 739 1653 missus
749 1582 781 1643 iu
795 1580 904 1642 Latino
919 1602 989 1663 agro
1004 1582 1114 1643 stativa
1122 1581 1163 1639 ha·

169 1663 250 1723 buitz
282 1662 363 1722 intra
376 1668 475 1723 eastra
489 1662 575 1741 quies
588 1663 759 1724 necessaria
780 1664 881 1721 morbo
894 1660 1076 1741 implicitum
1090 1680 1163 1722 exer·

170 1742 391 1804 citum‘tenuit,
431 1744 609 1803 Extractum
628 1742 661 1802 in
682 1744 803 1813 tertium
823 1742 1056 1809 anuumbellum
1071 1739 1164 1811 estQ

169 1824 262 1884 Fabio
275 1831 307 1883 et
321 1824 360 1881 T.
373 1822 514 1897 Quinctio
528 1822 709 1883 consulibus.
749 1820 939 1883 Fabioextra
952 1819 1165 1900 ordinemque

168 1896 197 1963 is¹
221 1903 319 1963 victor
337 1922 442 1993 pacem
463 1902 574 1982 AEquis
593 1902 729 1971 dederat,
749 1922 785 1961 ea
805 1902 957 1981 provincio
977 1901 1048 1961 data
1059 1922 1069 1970 ;
1111 1898 1163 1978 qui,

169 1983 249 2044 haud
275 1982 367 2042 dnbut
388 2002 441 2062 spe
461 1980 623 2063 profectus,
643 1980 755 2042 famam
774 1980 903 2043 nominis
934 1980 980 2040 sui
998 1984 1164 2061 pacaturam

168 2064 298 2143 AEquos,
318 2062 432 2143 legatos
452 2061 484 2121 in
497 2060 657 2122 concilium
672 2060 771 2141 gentis
784 2060 891 2121 missos
904 2060 1048 2120 nunciare
1063 2058 1163 2138 jussit:

168 2154 186 2181 ⁴⁴
198 2144 235 2217 Q.
248 2142 373 2204 Fabium
387 2142 538 2203 consulem
560 2140 670 2210 dicere,
692 2160 725 2203 se
739 2162 775 2203 ex
796 2140 907 2219 AEquis
923 2160 1028 2221 pacem
1041 2140 1164 2207 ,Romam

167 2224 287 2293 tulisse,
300 2226 338 2283 ab
349 2224 445 2284 Roma
455 2222 568 2302 AEquis
581 2222 694 2282 bellum
712 2222 825 2289 afferre,
839 2220 945 2286 etdem
959 2221 1067 2281 dextra
1079 2236 1163 2278 arma·

167 2309 212 2375 tat,
226 2325 317 2384 quam
329 2302 538 2383 pacatam‘illis
549 2308 639 2381 anteo
652 2301 797 2369 dederat3
818 2320 945 2377 quorum
959 2300 990 2358 id
1004 2296 1129 2379 perfidia
1139 2300 1164 2354 et·

168 2383 299 2467 perjurio
312 2384 373 2453 fiat,
386 2383 467 2443 Deos
481 2402 561 2442 nunc
574 2382 668 2443 testes
679 2398 755 2449 esse,
764 2398 832 2439 mox
843 2377 906 2438 fore
916 2380 1038 2439 ultores.
1081 2379 1118 2437 Se
1126 2382 1163 2435 tu·

168 2485 248 2535 men,
261 2471 423 2541 utcumque
434 2462 482 2530 sit,
497 2462 587 2521 etiam
601 2480 694 2529 nunc,
704 2459 851 2543 poeuitere
864 2464 919 2519 sut
933 2464 1039 2539 sponte
1049 2462 1162 2536 AEquos,

169 2546 259 2623 quam
273 2544 336 2624 pati
348 2540 476 2609 hostilia,
490 2540 590 2604 malle,
631 2541 666 2599 Si
680 2540 837 2621 poeniteat,
851 2544 951 2599 tutum
965 2544 1119 2678 recesstum
1132 2530 1162 2593 ad

169 2630 321 2703 expertam
335 2620 524 2683 clementiam
539 2620 620 2680 sore:
640 2619 689 2681 sin
704 2618 834 2701 perjurio
857 2618 1017 2697 gaudeant,
1060 2617 1097 2677 iis
1109 2633 1162 2675 ma·

168 2703 214 2785 gis
228 2702 321 2770 iratis,
329 2701 420 2780 quim
429 2700 573 2769 hostibus,
584 2704 720 2779 gesturos
730 2698 874 2759 bellum.'’
915 2700 994 2759 Haec
1004 2690 1162 2759 distaedet

169 2780 242 2842 nihil
257 2787 413 2841 moverunt
426 2799 615 2859 quemquam,
628 2785 664 2837 ut
677 2778 769 2859 legati
781 2778 872 2858 propt
886 2776 990 2838 violati
1003 2777 1075 2847 sint,
1089 2792 1162 2861 exer:

102 2891 103 2894 ¹
169 2860 351 2939 citusquein
366 2859 508 2941 Algidum
522 2858 665 2920 adversus
688 2859 839 2919 Romanos
858 2858 978 2918 missus.
1017 2857 1094 2931 Quae
1120 2852 1161 2911 ubl

169 2944 296 3003 Romam
310 2944 382 2999 sunt
401 2938 552 3008 nunciata,
572 2937 737 3019 indignitas
752 2936 803 3005 rei,
829 2938 924 3019 magis
945 2938 1033 3017 quim
1056 2934 1161 3017 pericu-

167 3023 241 3091 lum,
256 3020 408 3081 consulem
429 3021 556 3079 alterum
572 3020 610 3078 ab
623 3018 696 3079 urbe
711 3016 842 3089 excivit;
862 3018 905 3080 ita
917 3018 978 3077 duo
999 3015 1161 3101 consulares

169 3102 319 3162 exereitus
344 3100 382 3161 ad
394 3100 509 3159 hostem
536 3118 690 3159 accessere
711 3099 776 3159 acie
790 3098 946 3166 instructa,
967 3102 1002 3157 ut
1015 3094 1160 3156 confestm

168 3177 356 3244 dimicarent.
411 3180 470 3239 Sed
485 3198 576 3257 quum
589 3178 666 3238 forte
680 3178 759 3239 haud
772 3177 899 3237 multum
914 3175 976 3235 diei
989 3174 1161 3257 superesset,

170 3281 249 3322 unus
263 3264 299 3322 ab
313 3260 440 3321 statione
453 3258 580 3318 hostium
595 3259 761 3319 exclamet:
783 3262 960 3315 “ostentare
972 3254 1029 3315 hoc
1045 3261 1101 3322 est,
1110 3252 1159 3341 Ito·

170 3341 262 3411 mani,
275 3361 335 3400 non
347 3358 449 3421 gerere
461 3338 593 3398 bellumz
613 3338 644 3396 in
658 3342 779 3397 noctem
798 3334 1002 3405 imminentem
1016 3336 1160 3417 aciemn·

171 3420 307 3491 struitis3
341 3420 473 3501 longiore
485 3417 553 3477 luce
574 3417 613 3476 ad
632 3416 664 3475 id
679 3423 840 3485 certamen,
861 3414 940 3493 quud
964 3414 1067 3484 instat,
1087 3410 1160 3497 nebu

170 3523 245 3585 opus
270 3506 324 3562 est.
365 3498 505 3559 Crastino
518 3498 567 3559 die
587 3498 700 3556 oriente
722 3497 784 3556 sole
804 3493 899 3555 redite
912 3493 944 3552 in
965 3494 1080 3553 aciem:
1110 3488 1160 3576 eut

172 3584 258 3664 copia
270 3579 430 3663 pugnandi,
443 3598 482 3639 ne
501 3577 636 3639 timete.”
649 3592 652 3599 ⁴
678 3576 735 3639 His
750 3574 870 3636 vocibus
883 3573 1016 3633 irritatus
1040 3571 1122 3634 miles
1134 3580 1160 3623 lu

173 3664 253 3724 diem
266 3672 418 3743 posterum
431 3658 464 3717 in
487 3664 586 3718 castra
599 3656 761 3724 reducitur,
786 3656 906 3793 loulgam
930 3654 1032 3733 venire
1049 3654 1160 3711 noctem

171 3749 266 3811 ratus,
284 3761 354 3821 quae
366 3758 477 3799 moram
491 3736 645 3812 certamini
660 3737 784 3799 faceret.
852 3753 901 3791 um
916 3732 1038 3811 quidem
1048 3742 1160 3815 corpora

173 3822 238 3881 cibo
265 3840 426 3898 somnoque
447 3823 553 3877 curant
564 3838 573 3887 ;
606 3816 656 3877 ubi
676 3815 778 3877 illuxit
797 3825 913 3893 postero
934 3814 992 3882 die,
1016 3810 1093 3891 prior
1111 3804 1158 3865 ah·

174 3906 285 3977 quanto
298 3898 434 3961 oonstitit
441 3900 577 3959 Romana
586 3897 686 3970 acies3
709 3894 832 3959 tandem
843 3900 874 3957 et
884 3893 980 3974 AEqui
990 3899 1159 3975 processere·
