2634 4392
532 281 662 381 urana
675 309 718 380 n.
1068 309 1125 384 10'5
1149 399 1156 420 ἵ

143 479 230 542 etatis
242 481 307 564 ejus
320 477 399 540 haud
413 477 571 560 quisquam
582 496 672 541 mann
686 475 849 560 promptior
861 483 934 540 erat.
975 477 1017 549 Is,
1030 494 1122 558 quum

104 568 106 637 J
141 559 239 621 Volero
263 559 350 630 nihil,
359 569 558 643 praeterquam
572 560 611 620 de
634 561 710 640 lege,
723 560 905 638 loqueretur,
925 559 1123 620 insectatione

142 641 281 702 abstinens
295 642 460 710 consulum,
480 661 545 722 rpse
566 639 597 698 in
620 639 842 700 accusationem
862 639 964 719 Appii,
987 639 1147 720 familias·⁸

141 739 192 798 que
217 721 435 802 superbissimae
457 741 493 780 ac
518 719 734 780 crudelissimae
756 719 788 778 in
810 719 927 800 plebem
949 721 1124 789 Romanam,

140 819 261 872 exorsus,
280 821 373 880 quum
388 802 405 860 i
418 801 557 860 Patribus
570 819 630 860 non
644 799 806 867 consulem,
827 799 881 858 sed
900 799 1072 859 carnificem
1085 797 1125 858 ad

104 920 105 933 ,
140 883 351 953 vexandamjet
364 879 568 940 lacerandam
595 879 723 960 plebem,
750 885 881 938 creatum
910 896 976 938 esse
1000 886 1125 938 conten·

139 960 234 1032 deret;
267 961 350 1021 rudis
363 961 395 1020 in
409 958 532 1019 militari
552 959 671 1018 homine
684 957 786 1038 lingua
809 978 869 1016 non
891 961 1067 1039 suppetebat
1086 957 1125 1018 li·

139 1041 237 1100 bertati
259 1041 431 1120 animoque,
467 1039 585 1117 Itaque,
607 1037 768 1098 deficiente
792 1037 935 1106 oratione,
958 1037 1125 1110 “Quando-
1206 1073 1209 1084 ν

140 1119 250 1196 quidem
263 1141 322 1180 non
335 1120 425 1181 facile
438 1119 575 1197 loquor,’'
598 1116 707 1196 inquit,
731 1128 748 1152 ‘⁶
759 1117 904 1190 Quirites,
924 1118 1024 1198 quum,
1044 1115 1125 1196 quod

139 1197 246 1259 locutus
260 1220 336 1270 sum,
349 1205 468 1281 praesto,
493 1197 622 1259 crastino
645 1196 696 1255 die
720 1194 833 1257 adeste.
872 1197 936 1312 Epo
955 1193 1070 1274 hietat
1092 1198 1125 1256 ἱι

139 1287 290 1360 conspectu
314 1287 413 1340 vestro
433 1277 551 1347 moriar,
564 1284 618 1337 aut
630 1275 777 1357 perferam
791 1277 927 1358 legem'
968 1277 1125 1357 Occupant

102 1366 103 1389 *
139 1357 240 1419 tribuni
252 1367 314 1420 tem
335 1361 398 1418 lum
417 1366 537 1440 postero
549 1356 618 1428 die;
653 1357 791 1417 consules
805 1355 1003 1435 nobilitasque
1017 1357 1054 1417 ad
1068 1357 1124 1416 im·

138 1438 309 1516 pudiendam
315 1381 418 1518 legem
430 1440 463 1498 in
484 1438 627 1498 concione
638 1431 825 1499 ,consistunt
866 1436 1039 1498 Submoveri
1054 1436 1125 1498 Lae-

137 1517 223 1576 torius
242 1519 338 1598 jubet,
352 1525 548 1598 preterquam
571 1517 624 1597 qui
648 1516 819 1597 suffragium
844 1516 957 1577 ineant.
1011 1516 1123 1577 Adole-

138 1604 249 1657 scentes
262 1597 375 1659 nobiles
389 1602 516 1666 stabant,
537 1597 611 1658 nibil
624 1595 768 1656 cedentes
791 1595 897 1656 viatori
908 1617 917 1665 ;
950 1603 1015 1656 tum
1028 1615 1066 1656 ex
1079 1596 1125 1656 bie

136 1674 271 1769 prehendi
284 1679 430 1757 quosdam
444 1677 594 1737 Laetorius
610 1677 705 1753 jubet.
746 1674 860 1734 Consul
876 1676 992 1756 Appius
1007 1695 1126 1757 negare,

134 1775 178 1834 Jus
191 1776 256 1817 esse
269 1757 388 1817 tribuno
401 1755 434 1815 in
447 1771 628 1834 quenquam,
641 1751 700 1825 nisi
714 1754 745 1812 in
760 1753 919 1833 plebeium.
959 1755 1031 1814 Non
1045 1755 1125 1816 enim

136 1837 238 1916 populi,
252 1837 307 1897 sed
320 1835 428 1917 plebis,
440 1853 508 1896 eum
521 1831 728 1915 magistratum
743 1850 825 1905 esse3
856 1852 913 1894 neo
927 1833 1013 1894 illurn
1028 1834 1124 1915 ipsum

135 1919 301 1977 submovere
315 1936 368 1998 pro
382 1915 506 1997 imperio
517 1935 605 1993 posse
617 1933 699 1974 more
712 1919 877 1983 ma'orum3
906 1913 976 1994 quia
986 1914 1029 1974 ita
1042 1915 1124 1976 dica·

136 2001 195 2049 tor:
235 1997 294 2052 “si
312 1997 399 2053 'vobis
423 1987 552 2061 videtur,
574 1989 730 2062 discedite,
753 1933 799 2068 ὁ]

801 1992 917 2054 irites.”
968 1995 1068 2054 Facile
1093 2003 1125 2057 et
1217 2003 1218 2068 ζ

136 2073 322 2152 contemptim
335 2073 375 2131 de'
393 2075 463 2152 jure
483 2072 659 2134 disserendo
673 2076 845 2152 perturbare
860 2073 1026 2150 Laetorium
1041 2082 1124 2155 poto·
1200 2079 1218 2112 ¹¹

134 2157 182 2211 rat.
224 2151 345 2210 Ardone
358 2151 449 2232 igitur
461 2151 507 2209 ira
529 2151 668 2212 tribunus
691 2151 834 2212 tiatorem
857 2152 950 2214 mittit
964 2155 1001 2213 ad
1016 2173 1124 2215 consu*
1215 2185 1217 2204 1

135 2227 200 2289 lem:
236 2228 341 2291 consul
354 2231 491 2290 lictorem
515 2229 554 2290 ad
577 2218 740 2298 tribunum,
757 2221 906 2322 privatum
931 2253 996 2292 esse
1020 2233 1123 2294 clanii-

133 2315 201 2379 tans,
216 2309 282 2369 sine
295 2310 428 2391 imperio,
442 2311 507 2370 sine
521 2309 712 2392 magistratu3
736 2311 924 2390 violatusque
938 2319 1017 2372 esset
1029 2314 1123 2374 tribu·

134 2406 190 2459 nus,
205 2390 237 2449 ni
261 2400 293 2451 et
306 2388 520 2450 conoio'omuis
542 2396 628 2451 atrox
650 2394 751 2449 coorta
766 2409 819 2470 pro
833 2393 950 2451 tribuno
969 2392 999 2451 in
1015 2411 1123 2455 consu·

133 2468 183 2530 lem
198 2480 297 2543 esset3
331 2477 362 2530 et
375 2490 537 2530 concursus
562 2469 713 2530 hominum
732 2469 764 2533 in
785 2471 880 2538 forum
906 2491 944 2531 ex
965 2480 1027 2533 tota
1050 2477 1124 2536 urbe

134 2551 283 2612 concitatae
308 2549 508 2611 multitudinis
534 2549 629 2611 deret.
663 2550 854 2611 'sustinebat
878 2554 979 2613 tumen
1006 2553 1122 2634 Appius
1215 2581 1216 2636 p

133 2630 289 2708 pertinacia
303 2637 492 2690 tentantem
514 2639 659 2690 estatemz
693 2628 899 2709 certatumque
923 2632 1001 2692 baud
1020 2633 1121 2694 incru-
1214 2637 1216 2682 ἲ

134 2720 193 2771 ento
205 2711 313 2802 proelio
332 2711 418 2779 foret,
438 2709 469 2768 ni
492 2650 661 2784 guinctius,
683 2712 787 2770 consul
810 2713 899 2781 alters
918 2713 1122 2776 consularibus
1215 2769 1216 2778 ,

133 2807 149 2848 n
181 2799 243 2850 otro
255 2791 335 2863 dato,
348 2797 382 2849 ut
395 2791 539 2870 collegam
553 2791 592 2861 vi,
614 2790 639 2849 si
662 2790 750 2850 aliter
774 2811 832 2852 non
855 2801 985 2871 possent,
1000 2795 1037 2853 de
1059 2795 1121 2858 foro
1215 2819 1216 2860 1

181 2867 316 2940 ucerent,
330 2870 394 2950 ipse
406 2889 487 2931 nunc
502 2870 617 2951 plebem
632 2871 804 2932 saevientem
825 2873 961 2963 precibus
986 2874 1121 2946 lenisset,
1215 2871 1216 2939 ζ

133 2966 203 3010 nunc
224 2957 341 3009 orasset
363 2949 507 3017 tribunos,
527 2957 563 3008 ut
585 2950 745 3008 concilium
770 2952 964 3010 dimitterent.
1005 2955 1120 3016 Dur-ent

133 3025 174 3088 ire
201 3030 350 3110 spatium3
384 3047 443 3087 non
471 3027 531 3086 vim
559 3047 641 3086 suam
669 3027 729 3087 illis
756 3038 874 3110 tempus
895 3033 1119 3110 adempturum

133 3109 177 3168 sed
197 3109 355 3169 consilium
375 3107 486 3169 viribus
510 3107 702 3176 additurum3
737 3115 769 3168 et
782 3111 887 3168 Patres
911 3112 943 3169 in
964 3113 1074 3191 populi,
1088 3118 1119 3174 et

134 3189 276 3248 onsutem
289 3189 457 3248 in·Patrum
472 3187 534 3246 fore
547 3195 704 3265 potestate.

164 3260 259 3327 LVII>
282 3269 377 3349 AEgrd
391 3267 495 3327 sedata
507 3269 544 3325 ab
558 3267 699 3339 Quinctio
712 3266 805 3348 plebs,
821 3270 913 3328 multo
927 3271 1035 3352 aegrius
1047 3291 1118 3348 con·
1214 3311 1215 3316 κ

133 3347 170 3404 sul
183 3349 261 3408 alter
275 3350 291 3408 a
306 3347 454 3408 Pltribus,
495 3345 625 3405 Dimisso
639 3345 760 3406 tandem
776 3349 902 3408 concilio
912 3352 1016 3431 plebis,
1030 3374 1116 3413 seua·

133 3429 187 3486 tum
200 3428 337 3487 consules
351 3428 480 3496 babent;
512 3424 563 3484 ubi
586 3446 677 3504 quum
703 3428 791 3486 timor
804 3439 894 3507 atque
909 3432 952 3489 ira
966 3431 996 3490 in
1019 3434 1114 3495 vicem

133 3506 288 3568 sententias
301 3507 486 3576 variassenta
513 3506 573 3582 qub
588 3507 690 3585 magis,
704 3507 799 3588 spatio
812 3508 1044 3589 interposito'ab
1058 3514 1115 3572 im·

133 3593 193 3660 potu
220 3587 259 3648 a'd
273 3587 500 3646 consultandum
514 3585 745 3656 advocabantur,
759 3590 790 3644 e?
808 3591 875 3666 plus
889 3591 1082 3652 abhorrebant
1097 3594 1115 3654 ἃ

133 3667 285 3726 certatione
298 3665 406 3735 unimi3
439 3667 515 3726 adeb
529 3672 562 3724 ut
586 3665 727 3739 Quinctio
750 3668 859 3747 gratias
881 3658 1010 3749 agerent,
1033 3671 1115 3750 qubd

133 3743 189 3818 ejus
201 3752 289 3827 opert
301 3737 436 3826 initigata
449 3745 598 3805 discordia
609 3755 698 3805 esset.
739 3749 787 3806 Ab
803 3749 899 3828 Appio
914 3751 1032 3828 petitur,
1046 3753 1115 3814 “Ut

132 3823 236 3888 tentsru
248 3825 433 3890 consularem
445 3829 633 3908 majestatem
656 3845 723 3888 esse
746 3827 848 3898 vellet,
862 3839 974 3908 quanta
997 3851 1062 3893 esse
1081 3832 1114 3896 iu
