2634 4392
201 309 255 370 168
565 305 576 324 s·
609 299 649 366 Τ.
663 299 771 367 mvn

237 460 331 528 Lxx.
351 465 388 526 In
400 465 532 528 exercitu
547 465 682 535 Romano
695 485 784 545 quum
800 464 861 526 duo
878 461 1015 525 consules
1028 469 1129 526 essent
1140 483 1185 546 pe·

196 555 304 610 testate
323 567 408 628 paru
429 547 509 626 quod
523 547 749 609 saluberrimum
759 546 790 606 in
804 544 1061 606 administratione
1074 566 1185 626 maguu-

194 647 260 687 rum
272 646 371 686 rerum
387 635 443 696 est,
456 645 570 686 summa
583 625 710 705 imperii,
730 626 915 686 concedente
938 624 1081 706 Agrippa,
1103 646 1185 706 penes

196 707 339 788 collegam
356 712 421 767 erat
434 727 442 768 z
463 716 494 766 et
507 707 651 786 praelatus
664 705 717 766 illa
729 705 870 776 facilitati
884 704 1087 765 samniticum
1100 725 1132 766 se
1144 727 1186 765 co·

200 788 290 847 miter
313 784 518 867 respondebat,
540 785 785 848 communicando
809 785 935 846 consilia
960 785 1135 864 laudesque,
1164 793 1188 845 et

197 867 345 946 aeqnando
359 871 501 948 imparem
515 866 579 926 sibi.
621 867 659 926 ln
679 865 743 924 acie
758 865 917 939 Quinctius
941 865 1083 924 dextrum
1097 885 1184 934 comu,

196 946 331 1028 Agrippa
344 947 497 1008 sinistrum
518 945 635 1009 tenuit:
657 946 709 1025 Sp.
728 945 883 1007 Postumio
903 946 982 1006 Albo
994 946 1096 1036 legato
1109 946 1183 1005 datur

194 1027 295 1088 media
308 1027 389 1087 acies
402 1026 515 1088 tuenda
530 1047 539 1097 ς
560 1027 689 1106 legatum
703 1025 830 1086 alterurn
845 1027 909 1085 Ser.
924 1026 1091 1106 Sulpicium
1111 1024 1185 1103 eqni-

195 1107 275 1167 tibus
289 1103 467 1189 praeficiunt.
508 1106 631 1168 Pedites
654 1109 691 1166 ab
711 1107 817 1165 dextro
830 1125 922 1186 cornu
944 1104 1063 1186 egregie
1083 1125 1185 1196 pugna·

195 1205 277 1256 vere,
303 1187 381 1246 lraud
402 1187 533 1269 segniter
558 1185 764 1264 resistentibus
790 1185 917 1244 Volscis.
962 1188 1029 1248 Ser.
1049 1184 1184 1266 Sulpicius
1218 1246 1220 1269 ÷

197 1287 252 1348 per
273 1267 400 1328 mediam
422 1267 550 1326 hostium
570 1265 666 1326 aciem
691 1283 760 1325 cnm
779 1264 920 1344 equitatu
942 1263 1099 1345 perrupit3
1119 1266 1184 1323 unde

195 1365 287 1426 quum
298 1349 401 1408 eadem
417 1348 525 1406 reverti
537 1352 638 1426 posset
651 1345 695 1404 ad·
704 1346 783 1413 suos,
791 1344 978 1426 priusquam
988 1343 1084 1404 hostis
1097 1347 1183 1404 tnrba-

195 1434 242 1486 tos
256 1427 374 1487 ordines
390 1425 534 1494 reliceret,
556 1433 640 1506 terga
661 1425 837 1506 impugnare
850 1425 976 1488 hostium
993 1424 1090 1484 satius
1101 1426 1182 1483 nsum

196 1513 242 1566 est
254 1526 262 1576 ;
274 1507 491 1585 'momentoque
505 1505 656 1585 temporis,
681 1506 712 1563 in
733 1523 866 1564 aversam
888 1505 1073 1564 incursando
1092 1504 1183 1572 aciem,

194 1583 316 1666 ancipiti
332 1595 442 1646 terrore
456 1583 631 1666 dissipasset
652 1587 752 1646 hostes
763 1584 824 1655 ;·ni
838 1604 890 1644 sno
904 1585 1026 1666 proprio
1040 1605 1107 1645 eum
1116 1605 1183 1663 pru-

194 1665 236 1726 lio
249 1665 367 1746 equites
392 1667 570 1733 Volscorurn
591 1670 623 1742 et
636 1667 805 1746 AEquomm
832 1669 991 1745 exceptum
1012 1664 1183 1744 aliquamdiu

195 1748 373 1806 tenuissent.
414 1746 459 1808 Ibi
479 1747 550 1806 vero
566 1744 727 1827 Sulpicius,
750 1765 856 1825 negare
876 1752 894 1782 ‘⁸
902 1743 1067 1804 cunctandi
1080 1751 1183 1822 tempus

196 1846 272 1894 esse,
286 1825 518 1886 'circumventos
531 1825 770 1903 interclusosque
784 1827 821 1882 ab
833 1823 919 1884 suis''
939 1823 1118 1892 vociferans,
1134 1835 1150 1858 “
1159 1823 1183 1881 ni

194 1911 333 1982 equestre
354 1905 489 1984 proelium
506 1902 619 1962 connisi
634 1903 714 1963 omni
729 1902 759 1961 vi
783 1904 968 1983 perficerent
1006 1903 1077 1962 Nee
1094 1905 1182 1984 fugare

195 1983 324 2063 equitem
339 1983 486 2063 integrum
502 1982 574 2042 satis
589 1984 672 2053 esse,
686 1983 870 2042 conficerent
882 2004 972 2062 equos
983 1982 1135 2062 virosque,
1151 2003 1181 2042 ne

194 2063 262 2142 quis
286 2063 476 2123 reveheretur
487 2062 559 2124 inde
580 2063 618 2122 ad
633 2063 783 2144 proelium,
802 2071 855 2125 ant
868 2065 1030 2144 integraret
1042 2083 1162 2144 pugnam
1175 2083 1183 2131 ;

193 2161 254 2202 non
267 2163 353 2224 posse
374 2143 442 2204 illes
456 2144 593 2220 resistere
608 2143 672 2213 sibi,
685 2143 792 2224 quibus
813 2143 945 2203 contenta
959 2144 1092 2224 peditum
1111 2142 1181 2202 acies

192 2223 365 2284 cessisset'’
421 2223 509 2305 llaud
536 2223 633 2284 surdis
654 2225 775 2285 auribus
795 2223 899 2282 dicta:
917 2223 1111 2304 impressione
1129 2243 1180 2281 una

193 2308 290 2373 totum
298 2304 470 2384 equitatum
481 2305 596 2382 ludere,
611 2323 749 2383 magnam
758 2303 818 2362 vim
824 2323 866 2362 ex
875 2303 960 2382 equis
970 2302 1182 2384 praecipitavere,

193 2383 205 2444 i
227 2403 275 2444 sos
289 2403 439 2464 equosque
454 2383 576 2464 spiculis
591 2383 750 2442 confodere
764 2403 773 2452 ;
788 2382 819 2441 is
832 2383 901 2442 finis
922 2404 1031 2464 pugnae
1046 2383 1181 2462 equestris

175 2467 178 2472 '
209 2463 261 2522 nit.
304 2465 400 2532 Tunc,
422 2461 518 2522 adorti
539 2462 672 2542 peditum
687 2463 791 2530 aciem,
811 2462 987 2524 nuntiusad
1003 2462 1182 2523 consulesrei

174 2539 178 2546 ’
193 2559 286 2624 gestae
301 2541 432 2610 mittunt,
447 2543 496 2600 ubi
506 2544 569 2620 jum
591 2543 792 2601 inclinabatur
804 2542 931 2602 hostium
945 2542 1047 2615 acies3
1067 2542 1181 2619 nuncius

194 2621 303 2680 deinde
328 2627 359 2680 et
382 2620 569 2699 vincentibus
583 2624 726 2698 Romanis
740 2623 853 2681 animos
867 2621 958 2691 auxit,
979 2633 1009 2682 et
1031 2623 1181 2683 referentes

192 2701 317 2838 gradum
332 2700 460 2779 perculit
475 2701 600 2778 AEquus,
642 2702 678 2757 ln
693 2701 790 2768 niedia
803 2701 1007 2780 prinrdnracie
1018 2702 1096 2762 vinci
1107 2726 1140 2762 c·›
1152 2723 1181 2780 p·

209 2779 226 2848 ¹,
254 2799 313 2857 qua
333 2779 494 2860 permissus
515 2780 666 2856 equitatus
689 2783 843 2840 tubaverat
865 2784 994 2841 ordines.
1035 2783 1183 2842 Sinistrum

192 2857 302 2919 deinde
317 2878 407 2917 cornu
429 2861 464 2918 ab
478 2859 618 2936 Quinctio
643 2861 766 2918 consule
781 2861 851 2940 pelli
868 2870 998 2942 coeptum
1014 2871 1030 2930 ;’
1042 2862 1072 2920 in
1086 2864 1182 2922 denno

191 2939 353 3022 plurimum
367 2939 473 2998 laboris
483 2938 549 2997 tuit.
591 2939 635 2998 lbi
651 2941 793 3021 Agrippa,
816 2961 903 3001 auare
918 2943 1088 3022 viribusque
1101 2943 1184 3009 tenu,

191 3040 285 3100 quum
299 3019 379 3080 omni
398 3031 483 3101 parte
497 3037 608 3100 pugna¹
628 3021 736 3081 melius
751 3023 881 3091 resecti,
897 3026 984 3102 qussm
1001 3024 1079 3103 apud
1094 3043 1134 3089 se,
1145 3041 1184 3079 m·

193 3101 287 3168 deret,
301 3105 425 3180 accepta
438 3100 521 3179 signa
535 3102 572 3159 ab
585 3098 732 3178 signiferis
744 3101 807 3179 ipse
814 3096 932 3161 'trilirre
956 3124 995 3182 qu
1004 3105 1095 3163 >eclam
1104 3105 1186 3182 jace·

194 3199 226 3238 re
241 3181 329 3238 etiam
344 3179 375 3238 in
397 3180 546 3238 consertos
567 3181 666 3238 hostes
679 3180 779 3258 coepit
820 3181 915 3260 Cujus
929 3183 1096 3262 ignominia
1111 3194 1188 3242 metu

148 3313 149 3317 ,
192 3259 335 3319 concitati
350 3257 469 3328 milites,
487 3258 623 3317 invasere
636 3257 749 3316 hostem
763 3278 771 3327 ;
791 3257 835 3318 ita
850 3278 967 3339 aequata
981 3282 1018 3321 ex
1031 3265 1113 3322 ororii
1129 3283 1188 3340 par-

190 3343 222 3398 te
242 3337 367 3398 victoria
381 3343 448 3398 est..
478 3337 616 3397 Nunnius
640 3343 703 3396 turn
727 3339 744 3397 d
766 3338 905 3411 Quinctio
930 3342 1022 3412 venit,
1049 3343 1188 3400 victorem

188 3420 252 3500 jam
274 3437 307 3476 se
327 3417 482 3478 imminere
503 3416 631 3478 hostium
659 3417 785 3488 castris;
805 3420 887 3479 nolle
906 3421 1080 3502 irrumpere,
1108 3438 1190 3480 arue-

192 3519 281 3579 quam
295 3495 370 3556 sciat
384 3498 564 3558 debellatum
581 3495 655 3556 etin
670 3496 790 3557 sinistro
804 3519 894 3558 cornu
909 3519 984 3560 csse.
1025 3501 1057 3560 si
1066 3503 1131 3579 jam
1147 3501 1191 3560 fu·

165 3605 167 3616 =
191 3580 284 3638 disset
298 3575 405 3644 hostes,
430 3577 578 3637 conferret
599 3575 637 3635 ad
651 3595 683 3635 se
697 3579 790 3656 signa,
807 3586 848 3638 -ut
866 3579 955 3638 simul
969 3581 1065 3649 omnis
1079 3582 1190 3642 exerci-

190 3663 239 3718 tus
256 3655 354 3736 praeda
367 3654 521 3738 potiretur.
565 3656 666 3715 Victor
690 3658 822 3738 Agrippa
842 3678 908 3716 cum
931 3679 1036 3742 magna
1060 3673 1189 3742 gramis-

189 3737 270 3795 tione
292 3735 329 3794 ad
350 3737 491 3795 victorem
512 3733 655 3815 collegam
684 3746 841 3815 castraque
867 3738 994 3798 hostium
1021 3744 1135 3811 veuit;
1157 3740 1190 3798 rbi

188 3815 292 3891 paucis
307 3813 547 3883 defendentibus,
574 3826 783 3894 momentoque
797 3815 880 3885 fusis,
902 3817 966 3878 sine
981 3820 1151 3882 certamine
1166 3824 1191 3878 in

187 3891 367 3954 munitiones
387 3893 577 3974 irrumpunt;
592 3895 763 3974 ‚predaque
785 3894 900 3979 ingenti
924 3906 1094 3979 compotem
1108 3921 1193 3963 exer·
