2634 4392
168 291 232 350 asc
588 290 631 351 a.
645 289 754 372 niun

208 448 351 512 xxxvi.
370 447 458 512 uras
477 421 601 531 rasso,
622 450 655 511 ni
667 449 851 530 praeferooes·
862 419 987 529 regies,
1011 443 1166 526 Gauisqa

167 529 263 610 megia
276 532 363 610 quim
375 527 518 593 Romanis
534 529 657 600 similes,
680 530 855 600 habuissem
874 528 993 606 quibus,
1010 529 1167 607 postquam

167 609 310 670 mandata
321 609 483 672 ediderunt
494 608 527 668 iis
537 608 679 684 ¹concilio
690 609 854 685 Gallorum,
865 609 954 680 datur
968 618 1166 686 responsum:

167 697 186 727 ⁶·
196 687 237 749 lit
248 687 275 748 si
289 709 400 750 novum
412 709 522 761 nomen
540 686 667 751 audiant
680 689 891 756 Romanorum,
917 693 1021 762 tamen
1048 687 1166 746 credere

168 766 249 828 viros
267 768 363 830 fortes
384 789 461 840 esse,
482 787 608 847 quorum
621 767 766 830 auxilium
782 770 799 826 εὶ
813 765 947 828 Clusinis
960 765 993 826 in
1006 785 1039 824 re
1053 766 1168 846 trepida

166 845 209 906 sit
217 845 407 929 imploratum
420 855 480 918 3et,
490 849 630 928 quoniam
642 849 793 930 legatione
799 847 945 908 adversos
956 864 992 905 se
997 845 1167 915 ‘maluerint

189 927 259 989 usim
272 928 372 1000 armis,
384 929 464 989 tueri
485 928 642 999 sociaene
653 947 686 990 se
700 919 821 1007 quidem
832 946 949 1008 pacem,
963 945 1053 1004 quam
1062 923 1114 984 illi
1127 924 1167 988 al·

138 1026 144 1041 *
165 946 278 1080 lirant,
289 1010 451 1089 aspernari,
460 1007 487 1070 si
500 1009 607 1077 Gallis,
627 1009 782 1100 egentibus
796 1025 875 1088 agro,
889 1023 982 1084 quem
993 1003 1087 1064 latius
1099 1024 1170 1086 pos·

169 1084 298 1158 sidem,
321 1090 420 1170 quim·
432 1089 540 1158 colant,
567 1087 706 1162 Clusini.
723 1091 836 1168 partem
857 1085 964 1149 finium
977 1083 1168 1146 concedam:

168 1165 258 1227 aliter
269 1188 376 1248 pacem
388 1168 542 1249 impetrari
553 1187 614 1228 non
624 1185 719 1248 posse.
759 1167 801 1227 Et
810 1183 985 1246 responsum
997 1183 1097 1224 coram
1109 1163 1166 1224 Ro·

167 1246 266 1308 manis
276 1247 413 1338 accipere
426 1247 505 1307 velle
520 1269 528 1306 z
549 1255 590 1316 et,
603 1248 628 1307 si
639 1252 771 1328 negetur
780 1265 861 1326 ager,
875 1263 974 1307 coram
984 1243 1093 1308 iisdem
1107 1245 1168 1304 Ro·

165 1325 267 1386 manis
285 1326 486 1396 dimicaturos,
508 1330 544 1387 ut
566 1327 708 1386 nunciare
728 1321 861 1384 domum¹
876 1329 1010 1405 possent,
1024 1329 1166 1402 mantum

169 1403 252 1464 Galli
262 1405 373 1467 virtute
382 1413 496 1466 ceteros
504 1405 644 1480 mortales
652 1405 864 1486 praestarent’'
885 1415 903 1442 ‘⁴
915 1403 1073 1483 Quodnam
1083 1403 1116 1462 id
1120 1405 1167 1485 jus

166 1489 257 1552 essct,
283 1503 386 1565 agrum
411 1486 430 1545 ai
456 1485 674 1564 possessoribus
698 1489 885 1565 pateream
907 1481 1018 1544 minari
1042 1483 1167 1546 ΜΝ

167 1562 312 1624 Romanis
319 1583 390 1643 quae
401 1564 545 1642 rentibus,
553 1571 594 1636 et,
606 1563 698 1644 ‘squid
706 1565 742 1624 in-
749 1563 868 1624 Etruria
879 1563 923 1624 rei
934 1561 1031 1626 Gallis
1042 1564 1122 1623 esset
1131 1562 1166 1621 ?'’

167 1659 261 1720 quom
274 1642 331 1712 illi,
351 1655 371 1679 ¹⁶
382 1664 415 1706 se
427 1643 562 1705 inermis
582 1650 634 1725 jus
648 1643 759 1713 ferre„
774 1649 806 1704 et
815 1655 832 1680 “
844 1645 944 1704 omnia
957 1641 1073 1712 fortium
1084 1640 1165 1701 viro·

167 1740 235 1782 rum
248 1724 348 1794 esse,”
374 1723 514 1787 ferociter
526 1723 674 1794 dicerent,
697 1722 832 1787 accensis
844 1722 987 1803 utrinque
1002 1719 1108 1782 animis
1129 1721 1166 1780 ad

167 1820 252 1864 arma
264 1802 451 1872 discurritur,
476 1810 508 1864 et
526 1804 667 1884 proelium
679 1802 855 1878 conseritur
895 1803 951 1880 Ibi,
958 1805 1026 1882 jam
1039 1801 1167 1883 urgenti·

167 1882 224 1942 bus
237 1884 406 1943 Romanam
419 1885 523 1961 urbem
545 1881 626 1954 fatis,
647 1881 740 1962 legati
751 1889 856 1944 contra
864 1885 929 1962 jus.
938 1881 1074 1974 genum
1087 1899 1164 1940 arma

168 1961 312 2041 capiunt3
332 1961 434 2022 occid
447 1963 526 2021 clam
537 1980 603 2021 esse
611 1965 720 2054 potuit,
735 1979 828 2042 quum
841 1968 912 2023 ante
925 1966 1014 2042 signa
1032 1961 1165 2022 Etrusco·

164 2059 233 2100 rum
248 2045 310 2105 tres
323 2039 725 2122 nobilissimifortissrmique
751 2043 894 2104 Romana
911 2041 1118 2122 juventutisp
1153 2071 1166 2084 ·

167 2128 299 2193 narent;
318 2126 437 2180 tantum
449 2119 600 2182 eminebat
612 2121 770 2204 peregrina
782 2120 886 2183 virtus.
928 2121 1008 2194 Quin
1031 2121 1122 2182 etiam
1160 2161 1168 2176 .

168 2196 288 2270 Fabius,
309 2206 432 2260 evectus
445 2206 531 2262 extra
544 2201 639 2263 aciem
652 2221 740 2282 equo,
754 2201 863 2265 ducem
877 2201 1045 2276 Gallorum.
1059 2198 1166 2260 feroci·

166 2285 216 2340 ter
229 2277 261 2340 in
283 2281 351 2362 ipsa
362 2279 448 2362 signa
461 2280 655 2349 Ebuscorum
668 2281 882 2354 incursantem,
908 2301 963 2361 per
975 2281 1058 2342 latus
1071 2287 1166 2340 nans-

168 2363 261 2422 fixum
274 2361 370 2430 hasta,
382 2360 515 2421 occidite
535 2362 690 2440 spoliaque
715 2363 780 2442 ejus
799 2357 1054 2442 legentemGalli
1075 2378 1165 2439 agno·

168 2455 249 2511 vare,
263 2440 376 2520 perque
389 2445 483 2500 totam
496 2440 601 2512 aciem,
620 2441 789 2503 Romanmn
808 2441 940 2522 legatum
955 2457 1030 2508 esse,
1048 2437 1165 2520 signum

169 2518 342 2580 detumeat
382 2519 501 2582 Omissa
515 2520 587 2582 inde
599 2521 632 2582 in
646 2521 789 2598 Clusinos
802 2520 858 2590 ira,
881 2519 1018 2600 receptui
1036 2523 1165 2596 *canam

166 2599 316 2676 minantes
339 2598 493 2661 Romania
532 2603 638 2672 Erant,
659 2601 713 2680 qui
726 2601 875 2692 extemplo
896 2599 1024 2660 Romam
1037 2596 1164 2682 eundum

168 2683 328 2747 censerent
341 2697 351 2748 ;
371 2678 472 2738 vicere
486 2679 626 2750 seniores,
639 2688 676 2740 ut
684 2679 776 2762 legati
785 2682 869 2758 priuis
879 2678 1073 2748 mitterentur
1083 2697 1162 2756 ques·

167 2763 233 2816 tum
242 2756 367 2834 injurias
380 2757 633 2834 postulatumque,
646 2763 681 2816 ut
694 2775 747 2835 pro
756 2755 828 2836 jure
840 2757 972 2836 gentium
986 2755 1099 2818 violato
1110 2757 1162 2816 llu-

166 2835 210 2896 bii
229 2835 420 2904 dederentur.
440 2847 444 2852 ’
468 2835 589 2915 ¹Legati
609 2835 765 2896 Gallorum
783 2855 882 2914 ¹quum
907 2856 951 2906 ea,
983 2833 1066 2896 sicut
1086 2839 1164 2896 erant

167 2916 319 2985 mandata,
332 2913 565 2995 exposuissent„
577 2915 695 2975 senatui
715 2933 772 2976 nec
786 2914 900 2996 factum
913 2915 1054 2996 placebat
1065 2915 1163 2976 Fabio-

168 3016 246 3066 rum,
259 3001 291 3055 et
311 2996 364 3076 jus
377 2995 529 3073 postulare
542 2993 850 3068 barberi,virlebantur
865 3016 874 3065 ς
896 2996 959 3064 sed,
984 3015 1024 3055 ne
1037 2993 1080 3065 id,
1090 2991 1165 3073 quod

167 3078 317 3160 placebat,
334 3074 512 3146 decerneret
529 3077 564 3148 in
584 3080 687 3152 tante!
704 3071 867 3134 nobilitatis
878 3075 962 3144 siris,
984 3075 1104 3142 ambitio
1116 3076 1162 3132 ob·

169 3159 276 3218 stabat
316 3155 437 3232 Itaque,
450 3173 489 3213 ne
499 3172 592 3234 penes
605 3155 685 3234 ipsos
699 3153 885 3232 culpaesset
897 3154 994 3215 cladis
1008 3151 1163 3216 sensual-

168 3236 229 3298 lico
249 3233 329 3293 bello
348 3232 702 3324 accepimcognitionem
716 3233 754 3290 de
768 3233 928 3313 postulatis
950 3232 1107 3295 Gallorum
1128 3231 1165 3291 ad

167 3314 312 3398 populum
326 3311 468 3392 rejiciunt
481 3332 498 3382 3—
511 3313 560 3370 ubi
572 3317 656 3380 tanto
666 3311 733 3392 plus
746 3311 843 3392 gratia
857 3321 1029 3395 atqueopes
1038 3313 1166 3380 valuere,

168 3401 213 3466 ut,
222 3411 348 3473 quorum
358 3389 397 3450 de
412 3410 501 3472 pona
514 3393 663 3472 agebatur,
682 3392 793 3456 tribuni
806 3391 936 3473 militum
950 3393 1104 3454 consulari
1116 3411 1164 3472 po·

167 3481 279 3540 testate
292 3472 323 3532 in
334 3470 543 3549 insequentem
549 3491 668 3532 annum
683 3477 864 3540 crearentur.
904 3473 971 3548 Quo
984 3471 1076 3544 facto,
1089 3469 1165 3533 baud

170 3575 258 3620 secus
271 3552 361 3632 quim
371 3551 495 3630 §lignum
508 3558 581 3620 erat,
601 3551 712 3626 infensi
726 3551 808 3610 Galli
821 3553 930 3614 bellurn
943 3553 1098 3634 propalam
1113 3550 1164 3612 mi·

168 3642 287 3701 nantes,
311 3630 352 3690 ad
375 3650 445 3688 suos
459 3628 596 3699 redeunt.
638 3629 765 3700 Tribuni
778 3631 907 3703 militum
921 3653 990 3692 cum
1002 3632 1098 3694 tribus
1111 3631 1165 3690 aa·

168 3707 226 3774 biis
240 3710 333 3770 creati
356 3709 393 3780 Q.
407 3707 556 3788 Sulpicius
570 3709 702 3792 Longum,
725 3705 918 3786 Q..Servilius
939 3713 1092 3790 quartum,
1107 3710 1159 3771 Ser

167 3789 328 3852 Cornelius
342 3787 570 3869 Maluginensis.
