2634 4392
148 250 211 305 rao
533 207 536 208 ἢ
579 245 738 307 namu

162 401 331 481 ratiumque
350 402 438 465 lictor
458 402 620 466 decemviri
632 404 769 467 invadit:
790 404 967 487 franguntur
987 404 1005 464 d
1025 404 1160 467 multitu·

165 482 236 543 dine
261 482 367 543 fasces.
409 484 446 544 In
471 484 644 547 concionem
666 484 784 578 Appius
803 484 947 547 ascendit
989 484 1162 563 Sequuntur

162 561 307 623 Horatius
321 563 520 643 Valeriusque
532 586 540 635 ;
560 586 610 625 eos
624 586 729 630 concta
742 564 847 625 audit:
868 564 1039 629 decemuiro
1048 568 1163 627 obstre-

162 642 252 723 pitur.
291 643 358 702 lam
379 664 432 724 pro
446 644 569 725 imperio
581 644 721 707 Valerius
745 646 902 705 discedere
917 644 934 704 d
948 643 1063 736 privato
1075 644 1160 704 licto·

96 742 106 775 r
164 742 214 783 res
230 724 372 801 jubebat:
393 744 497 803 quum,
516 724 621 785 fractis
641 723 758 794 animis,
785 724 911 805 Appius,
932 731 1002 785 vrtae
1016 732 1161 793 metuens,

161 801 194 861 in
215 802 337 861 domum
357 823 390 861 se
410 803 607 895 propinquam
626 805 701 874 foro,
726 804 830 873 insciis
851 802 1036 874 adversariis,
1064 804 1160 885 capite

162 882 313 951 obvoluto,
333 882 448 965 recipit.
489 885 540 965 Sp.
561 884 684 965 Oppius,
706 890 740 944 ut
761 883 871 945 auxilio
885 884 1006 967 collegas
1018 890 1112 952 esset,
1130 883 1160 941 in

161 960 260 1037 forum
274 982 312 1021 ex
325 962 420 1026 altera
432 971 518 1044 parte
537 964 695 1045 irrumpit3
715 964 799 1025 uidet
820 963 976 1045 imperium
989 963 1020 1023 vi
1040 962 1159 1035 ,vicum

95 1059 102 1085 ··
162 1041 304 1121 Agitatus
324 1042 596 1122 deindeco'nsiliis,
617 1050 709 1124 atque
730 1044 860 1105 exomni
872 1050 958 1124 parte
972 1042 1158 1105 assentiendo

162 1120 267 1182 multis
280 1122 449 1183 auctoribus
462 1123 607 1203 trepidus,
629 1132 766 1185 senatum
780 1123 930 1205 postremo
941 1122 1042 1183 vocari
1050 1122 1158 1203 jussit3

163 1221 201 1260 ea
219 1222 278 1271 res,
304 1203 385 1281 quod
399 1221 514 1285 magnae
528 1201 606 1283 parti
620 1204 742 1265 Patrum
757 1202 916 1294 displicere
930 1208 998 1263 acta
1011 1202 1159 1263 decemvi-

161 1300 261 1341 rorum
275 1282 462 1351 ridebantur,
484 1303 537 1364 spe
550 1303 604 1364 per
617 1292 754 1346 senatum
768 1282 910 1342 finiendae
925 1282 1085 1362 potestatis
1100 1286 1160 1363 ejus

161 1361 386 1423 multitudinem
399 1363 525 1423 sedavit
566 1364 694 1423 Senatus
708 1382 764 1424 nec
773 1360 889 1444 plebem
904 1360 1081 1423 irritandam
1094 1381 1158 1421 cen·

96 1479 97 1482 =
163 1440 224 1501 suit
232 1462 242 1512 3
263 1448 293 1502 et
306 1444 401 1512 multd
414 1441 506 1523 magis
521 1441 747 1522 providendum,
769 1441 893 1521 nequid
908 1440 1036 1527 Virginii
1050 1442 1157 1503 adven·

160 1524 212 1580 tus
221 1521 253 1580 in
268 1522 513 1582 exercitumotus
526 1522 648 1584 laceret

203 1601 240 1659 L.
261 1601 368 1679 Itaque
382 1602 465 1662 missi
480 1603 615 1683 juniores
628 1604 752 1664 Petrum
764 1602 796 1663 in
818 1606 924 1671 castra,
952 1620 1021 1681 quae
1043 1600 1156 1662 tumis

162 1688 263 1741 monte
287 1682 403 1742 Vecilio
425 1690 519 1752 erant,
543 1683 691 1752 nunciant
700 1682 895 1751 decemviris,
921 1688 986 1742 “ut
1007 1682 1089 1741 omni
1110 1700 1158 1761 ope

163 1760 367 1822 ab'seditione
388 1762 498 1824 milites
513 1764 694 1824 contineant
706 1765 736 1821 :”
757 1762 810 1823 ubi,
832 1760 986 1843 Virginius
1012 1764 1159 1842 majorem,

162 1842 255 1921 qualm
275 1842 439 1919 reliquerat
463 1844 495 1902 in
522 1846 605 1913 urbe,
627 1849 739 1903 motum
761 1840 881 1903 excivit.
920 1842 1009 1907 Nam,
1034 1850 1157 1921 praeter·

164 1940 254 1999 quam
268 1922 347 1999 quid
363 1924 582 2002 agmine-prope
601 1922 888 2003 quadringentorum
906 1920 1055 1981 hominum
1078 1919 1160 1980 veui·

164 2019 228 2069 ens,
250 2001 301 2078 qui
314 2002 359 2061 ab
372 2005 444 2061 urbe
457 2001 635 2083 indignitate
650 2001 693 2061 rei
706 2000 827 2062 accensi
842 2000 962 2062 comites
977 1998 1004 2059 ei
1018 2018 1052 2058 se
1068 2000 1158 2061 dede-

162 2085 241 2148 rant,
267 2087 444 2161 conspectus
465 2089 530 2152 est3
557 2081 695 2142 strictum
717 2082 812 2142 etiam
832 2080 936 2149 telum,
947 2098 1160 2159 respersusque

162 2159 228 2252 ipse
242 2179 355 2230 cruore,
382 2167 446 2223 tota
458 2161 489 2221 in
503 2182 535 2222 se
556 2169 656 2222 castra
677 2160 824 2239 conuertit
835 2182 844 2232 3
865 2167 895 2233 et
916 2164 1000 2240 togae,
1027 2159 1157 2219 multif-

162 2254 237 2299 rmrn
250 2240 281 2300 iu
296 2241 402 2301 castris
422 2240 503 2312 uisae,
524 2242 643 2322 majoris
656 2242 819 2321 aliquanto,
840 2242 931 2319 quam
944 2246 1016 2308 erat,
1031 2238 1157 2320 speciem

161 2322 285 2380 urbanae
300 2321 501 2381 multitudinis
514 2322 668 2383 fecerant'
687 2320 918 2395 Quaerentibus,
939 2332 956 2357 “
968 2318 1041 2399 quid
1055 2318 1102 2378 rei
1116 2340 1157 2378 es·

165 2403 244 2470 set,'’
266 2400 342 2461 flens
356 2402 407 2460 diu
421 2400 525 2465 vocem
545 2422 605 2461 non
619 2400 721 2472 misit;
740 2400 871 2468 tandem,
896 2406 931 2459 ut
938 2402 1003 2479 jam
1018 2419 1055 2459 ex
1069 2399 1160 2479 trepb

162 2479 284 2539 datione
299 2483 538 2540 concurrentium
551 2482 639 2543 turba
652 2479 796 2550 constitit,
818 2500 853 2539 ac
866 2479 1015 2545 silentium
1031 2478 1102 2548 fuit,
1115 2498 1156 2537 or·

162 2558 234 2619 dine
248 2566 364 2628 curuata,
378 2567 412 2619 ut
424 2567 509 2641 gesta
522 2567 616 2631 erant,
641 2561 787 2643 exposuit.
828 2560 956 2639 Supinas
970 2558 1080 2619 deinde
1095 2564 1155 2619 ten·

164 2639 240 2698 dens
263 2659 378 2707 manus,
403 2640 619 2701 commilitones
639 2641 804 2721 appellans,
830 2642 941 2708 orabat,
969 2639 1056 2708 “Ne,
1080 2637 1154 2719 quod

164 2719 264 2778 scelus
275 2722 333 2799 Ap.
344 2720 465 2780 Claudii
478 2727 566 2789 esset,
580 2720 635 2779 sibi
649 2720 864 2779 attribuerunt:
886 2738 943 2779 neu
959 2739 1001 2789 se,
1019 2726 1055 2779 ut
1068 2716 1156 2798 parri·

96 2869 97 2874 η
165 2796 264 2861 eidam
283 2798 419 2869 liberum,
446 2804 663 2860 aversarentur.
705 2799 766 2859 Sibi
785 2798 878 2859 vitam
899 2798 970 2859 filiae
993 2819 1047 2857 sua
1069 2798 1155 2858 cario·

163 2898 227 2937 rem
254 2878 357 2947 fuisse,
383 2878 409 2937 si
428 2879 530 2939 liberae
557 2900 593 2939 ac
619 2878 737 2959 pudicas
765 2877 865 2939 viuere
893 2878 1007 2939 licitum
1034 2878 1157 2937 fuisset:

164 2978 267 3037 quum,
284 2959 370 3019 velut
381 2978 507 3028 servam,
521 2960 559 3019 ad
573 2965 709 3040 stuprum
730 2960 793 3039 rapi
808 2958 932 3028 videret,
955 2964 1051 3019 morte
1064 2955 1155 3018 amitti

162 3038 274 3099 melida
287 3045 393 3109 ratum,
407 3041 496 3118 qudm
518 3038 711 3109 contumelia,
724 3038 841 3108 liberos,
864 3038 1069 3099 misericordia
1084 3058 1117 3097 se
1128 3034 1155 3096 iu

163 3117 293 3199 speciem
308 3119 495 3181 crudelitatis
509 3120 647 3201 lapsum
666 3140 722 3180 nec
744 3139 776 3179 se
790 3117 978 3197 superstitem
992 3117 1066 3178 filim
1079 3116 1156 3177 futu-

163 3218 229 3258 rum
251 3199 361 3270 fuisses
387 3199 445 3259 nisi
472 3220 553 3280 spem
580 3198 764 3259 ulciscendae
789 3198 892 3257 mortis
913 3200 978 3276 ejus
996 3198 1029 3259 in
1050 3194 1156 3259 auxilie

164 3279 396 3339 commilitonum
417 3280 576 3340 habuisset.
615 3279 683 3337 Illis
695 3296 814 3357 quoque
829 3277 908 3337 enim
922 3277 1009 3345 filias,
1036 3294 1156 3344 sorores,

163 3361 363 3439 conjugesque
384 3380 450 3420 esse
461 3380 470 3430 ;
481 3379 546 3434 ‘nec
560 3378 628 3418 cum
641 3356 704 3420 lilia
717 3376 772 3417 sua
791 3356 942 3423 libidinem
964 3358 1024 3437 Ap.
1039 3353 1157 3417 Claudii

164 3438 344 3499 exstinctam
364 3459 450 3511 esse;
470 3440 533 3508 sed,
554 3446 613 3519 quo
625 3436 799 3517 impunitior
812 3436 861 3507 sit,
885 3456 920 3501 eo
940 3435 1154 3497 effrenatiorem

162 3520 234 3581 fore.
275 3517 386 3579 Aliena
400 3518 570 3581 calamitate
591 3518 802 3579 documentum
816 3517 917 3577 datum
931 3514 992 3575 illis
1013 3516 1154 3577 cavenda

163 3599 269 3661 similis
282 3599 399 3681 injuriae
413 3619 422 3669 3
442 3600 522 3677 quod
535 3599 576 3659 ad
589 3619 621 3660 se
634 3597 769 3667 attineat,
793 3616 914 3658 uxorem
929 3595 985 3657 sibi
998 3595 1060 3657 sato
1073 3615 1155 3677 erep-

161 3689 223 3741 tam
236 3702 244 3742 r
265 3679 365 3749 filiam,
379 3679 451 3759 quia
463 3699 523 3739 non
538 3680 620 3738 ultra
633 3677 743 3759 pudica
756 3676 872 3738 victura
884 3675 985 3745 luerit.
1008 3676 1155 3743 miserum,

162 3762 215 3819 sed
229 3760 392 3830 honestam,
416 3765 540 3819 mortem
555 3757 739 3818 occubuisse.
779 3758 849 3819 Non
863 3766 929 3817 esse
935 3758 1002 3837 'jam
1015 3757 1045 3815 A
1066 3754 1105 3835 pii
1120 3752 1156 3812 li·

158 3839 251 3902 bidini
265 3840 363 3903 locum
376 3840 407 3901 in
422 3839 509 3903 domo
523 3856 601 3910 suar
621 3840 658 3899 ab
678 3837 739 3899 alia
750 3836 894 3901 violentia
913 3839 978 3919 ejus
999 3854 1032 3897 eu
1055 3855 1101 3907 cm
1122 3851 1153 3895 se
