2634 4392
177 339 215 398 ro
583 305 756 400 'umrn

175 497 308 558 tontibus
322 508 340 535 ‘⁸
351 497 433 558 unde
445 496 499 557 ille
511 497 652 558 babitus?
673 499 753 558 unde
768 495 989 558 deformitas’i”
1011 515 1101 578 quum
1115 495 1165 562 cin

174 578 309 637 cumfuse
329 582 417 636 turba
431 586 511 637 esset
531 599 622 658 prope
644 577 678 636 in
705 577 856 638 concionis
883 580 1013 649 modum,
1038 579 1167 640 “Sabino
1216 591 1217 594 ’

172 653 284 726 bello?
298 658 349 727 ait,
362 669 381 694 “
392 677 424 716 se
440 658 625 727 militantem,
652 658 723 738 quia
764 666 864 751 ropter
885 659 1090 740 populationes
1111 660 1166 740 agri
1215 705 1217 722 ³

172 753 232 796 non
247 738 347 798 fructu
367 738 455 797 modi
470 738 608 806 caruerit,
622 739 677 800 sed
702 680 775 798 villa
795 759 919 799 incensa
939 739 1037 808 fuerit,
1059 739 1167 818 direpte

171 817 280 887 omnia,
293 839 401 898 pecora
415 821 530 886 abacta,
544 817 687 878 tributum
708 818 811 897 iniquo
825 839 879 878 suo
893 827 1025 898 tempore
1046 818 1165 898 imperu-

172 903 247 967 tum,
267 918 309 956 aes
322 899 453 958 alienum
475 894 602 957 fecisse:
634 897 677 966 id,
691 899 875 958 cumulatum
897 898 1005 967 usuris,
1025 898 1119 990 primb
1139 917 1166 956 se
1216 919 1217 968 ᾗ

173 992 243 1057 egro
262 984 387 1057 paterno
408 980 547 1056 avitoque
568 977 695 1047 exuisse,
716 978 825 1038 deinde
845 979 972 1038 fortunis
1000 978 1065 1038 eliis
1078 987 1088 1036 τ’
1106 999 1166 1058 pos-

171 1060 280 1126 tremo,
301 1058 386 1116 velut
398 1062 506 1126 tabern,
529 1058 700 1137 pervenisse
721 1058 758 1118 ad
782 1077 897 1138 corpus.
938 1059 1071 1118 Ductum
1085 1077 1116 1117 se
1135 1059 1166 1116 ab

171 1137 328 1206 creditore,
349 1158 409 1197 non
430 1137 461 1196 in
475 1137 641 1207 servitium,
655 1138 710 1197 sod
730 1138 761 1198 in
776 1137 959 1218 ergastulum
975 1148 1007 1198 et
1028 1131 1166 1198 carnifici-

170 1238 239 1278 nam
255 1219 353 1276 esse.”
397 1218 471 1276 lude
485 1225 636 1276 ostentare
651 1228 775 1296 tergum,
792 1217 907 1276 foedum
922 1217 1094 1277 recentibus
1107 1236 1166 1275 res·
1215 1241 1217 1252 =

171 1296 253 1378 tigiis
267 1301 432 1357 verberum.
447 1327 461 1355 a
476 1297 524 1355 Ad
539 1297 606 1356 hac
619 1295 685 1356 viso
698 1295 863 1374 auditaque
885 1295 997 1356 clamor
1012 1296 1116 1378 ingens
1141 1316 1167 1353 o·
1216 1323 1217 1328 ¹

170 1376 258 1436 ritur.
297 1378 367 1436 Non
377 1379 441 1455 jam
456 1377 517 1436 loro
530 1396 562 1434 se
576 1376 724 1436 tumultus
738 1375 945 1445 continet,sed
980 1376 1071 1437 assim
1085 1383 1167 1436 totum
1215 1373 1217 1430 l

169 1460 275 1516 urbem
289 1456 435 1537 pervadit.
486 1455 576 1522 Nexn
592 1453 685 1514 vincti
700 1455 849 1534 solutique
864 1475 896 1515 se
909 1395 982 1516 uuili
1005 1477 1044 1518 ue
1058 1457 1089 1517 iu
1121 1458 1166 1514 ub·
1216 1441 1217 1462 ¹

170 1535 263 1594 licum
289 1536 464 1616 proripiunt,
490 1534 832 1614 irnploraut‘Quiritium
854 1535 952 1595 fidem.
1030 1537 1090 1597 ullo
1103 1478 1166 1596 loco

172 1616 259 1675 deest
275 1615 430 1676 seditionis
450 1614 636 1675 voluntarius
651 1617 789 1685 comes?
805 1616 906 1675 multis
920 1616 1030 1696 passim
1052 1615 1168 1698 agmini·

170 1698 227 1755 bus
240 1717 293 1774 per
305 1716 408 1755 omnes
429 1695 496 1755 vias
514 1716 582 1754 cum
597 1695 726 1756 clamore
740 1694 770 1754 in
784 1694 880 1755 forum
896 1697 1034 1756 curritur.
1087 1697 1166 1775 Mag·

170 1795 211 1836 no
225 1796 292 1834 cum
307 1775 440 1854 periculo
454 1795 516 1845 suo,
530 1775 581 1855 qui
597 1775 674 1837 forte
694 1777 816 1836 Petrum
830 1774 861 1836 in
875 1776 939 1836 foro
956 1786 1051 1846 erant,
1065 1777 1095 1836 in
1110 1795 1166 1836 ean

133 1875 136 1878 ’
169 1858 288 1916 turbam
302 1855 493 1924 inciderunt;
513 1875 569 1915 nec
590 1862 786 1934 temperatum
808 1855 941 1914 manibus
955 1857 1041 1924 soret,
1063 1857 1094 1916 ni
1107 1873 1167 1936 pro·

168 1953 242 2016 pere
256 1936 404 2003 consules,
419 1937 453 1994 P.
468 1934 609 1994 Servilius
631 1941 662 1992 et
677 1935 735 2012 Ap.
750 1933 905 2004 Claudius,
919 1934 956 1992 ad
977 1936 1166 2013 comprimen-

171 2017 241 2078 dam
255 2015 432 2076 seditionem
446 2013 688 2073 intervenissent.
730 2013 766 2072 Iu
780 2033 830 2073 eos
845 2013 1006 2074 multitudo
1016 2033 1115 2084 versa,
1126 2031 1165 2072 os·

170 2101 290 2158 tentare
304 2095 424 2154 vincula
438 2115 491 2153 sus
505 2093 785 2171 deformitatemque
799 2093 897 2152 aliam.
949 2094 1024 2154 Hes
1040 2113 1072 2153 se
1086 2091 1165 2152 meri·

169 2181 217 2236 tos
242 2175 352 2244 dicere,
373 2177 584 2256 exprobrantes
604 2172 831 2254 suumquisque
845 2173 921 2234 alius
936 2172 1005 2234 alibi
1026 2173 1165 2233 militium.
1215 2205 1216 2216 κ

170 2253 328 2322 Postulare
339 2257 435 2315 multb
445 2255 606 2315 'minaciter
619 2255 722 2334 magis,
737 2275 776 2332 qu
785 2255 826 2312 xm
841 2254 1025 2333 suppliciter,
1038 2259 1073 2312 ut
1087 2272 1166 2312 sena·
1215 2253 1216 2298 ἶ

171 2341 236 2395 tum
250 2344 412 2396 vocarent:
434 2335 605 2412 curiamque
619 2334 685 2412 ipsi,
696 2332 789 2392 futuri
800 2333 901 2392 arbitri
913 2333 1165 2409 moderatoresque
1215 2339 1216 2402 ζ

171 2415 283 2495 publici
305 2415 431 2483 consilii,
459 2414 690 2472 circumsistunt.
745 2411 837 2474 Pauci
858 2411 1018 2471 admodum
1040 2412 1165 2476 Petrum,

172 2515 247 2573 quos
261 2514 348 2553 casus
369 2495 526 2560 obtulerat,
541 2491 688 2551 contracti
701 2491 737 2550 ad
754 2491 912 2550 consules:
947 2500 1064 2552 ceteros
1079 2495 1164 2549 metus

171 2595 231 2634 non
245 2573 328 2632 curit
344 2573 441 2640 modt,
455 2572 506 2631 sed
530 2570 618 2630 etiam
639 2571 702 2630 foro
716 2572 836 2630 arcebat
845 2591 854 2640 ;
874 2591 929 2630 nec
944 2571 991 2652 agi
1012 2572 1165 2650 quicquam

100 2700 101 2706 ,
170 2675 225 2734 per
238 2652 469 2730 infrequentiam
483 2656 747 2730 poteratsenatbs.
798 2651 878 2710 'l'nm
893 2652 964 2710 verb
987 2651 1069 2711 eludi
1083 2659 1165 2728 atque

171 2733 286 2794 extrahi
300 2753 331 2790 se
347 2731 506 2790 multitudo
526 2737 650 2810 putare;
672 2739 711 2798 et,
728 2731 849 2788 Petrum
873 2729 925 2808 qui
946 2732 1094 2806 abessent,
1115 2746 1165 2787 non

173 2835 255 2882 casu,
276 2833 335 2871 uon
348 2818 440 2878 metu,
455 2811 507 2869 sed
521 2809 718 2887 impediendae
735 2809 776 2867 rei
791 2815 880 2868 coust
895 2810 1007 2876 abesse,
1021 2821 1052 2868 et
1067 2828 1164 2870 cousu-

169 2894 216 2953 les
230 2894 310 2972 ipsos
323 2889 532 2970 tergiversari3
553 2908 608 2947 nec
623 2889 711 2947 dubit·
724 2887 853 2949 ludibrio
868 2909 934 2949 esse
947 2889 1082 2950 miserias
1097 2905 1164 2948 suas.

172 2975 238 3033 Jam
260 2993 350 3062 prope
362 2977 435 3038 erat,
455 2977 542 3028 utne
558 2969 713 3027 consulum
729 2969 849 3048 quidem
859 2972 1005 3050 *majestas
1020 2969 1165 3030 coerceret

172 3053 231 3113 iras
245 3053 416 3118 hommum;
446 3069 548 3128 quum,
568 3048 685 3118 incerti,
708 3050 856 3118 morundo,
877 3058 915 3108 an‘
937 3049 1092 3116 veniendo,
1106 3047 1164 3126 plur

171 3132 298 3213 periculi
313 3132 531 3198 contraherent,
546 3129 668 3190 tandem
683 3131 713 3188 in
724 3137 859 3188 senatum
869 3127 1011 3195 veniunt;
1031 3126 1164 3205 frequen·

171 3213 256 3291 tique
276 3212 398 3270 tandem
419 3210 513 3279 curii,
534 3230 592 3268 non
612 3209 701 3267 mod?
723 3209 801 3267 inter
823 3207 937 3276 Patres,
958 3206 1010 3268 sed
1035 3227 1073 3266 ne
1094 3205 1164 3266 inter
1214 3261 1215 3286 3

171 3285 309 3351 eonsules
331 3291 450 3370 quidem
471 3291 562 3370 ipsos
583 3289 659 3347 satis
680 3287 883 3346 conveniebat.
925 3286 1050 3367 Appius,
1083 3283 1164 3343 vehe-
1214 3343 1215 3354 χ

170 3367 280 3435 mentis
293 3371 406 3452 ingemi
419 3371 474 3438 vir,
501 3369 627 3448 imperio
647 3366 797 3426 consulari
820 3388 881 3426 rem
902 3369 1046 3448 agendam
1069 3379 1164 3425 cense-

171 3456 240 3513 bat:
259 3473 319 3510 uno
333 3459 385 3509 eut
399 3452 493 3510 altero
506 3456 634 3527 arrepto,
649 3447 802 3526 quieturos
823 3448 906 3508 alioS.
947 3446 1100 3514 Servilius,
1126 3443 1164 3530 le-

171 3533 259 3593 nibus
273 3529 411 3589 remediis
425 3530 530 3608 aptior,
545 3528 709 3587 concitatos
722 3527 835 3588 animos
851 3527 941 3595 flecti,
962 3529 1053 3606 quim
1067 3525 1165 3602 frango

170 3615 294 3694 putabat
307 3630 399 3688 quum
414 3610 518 3677 tutius,
532 3619 595 3668 tum
615 3607 742 3676 facilius,
757 3628 832 3667 esse.

212 3679 324 3766 lxlv.
356 3689 439 3747 Inter
465 3690 528 3748 brec
552 3691 644 3767 major
665 3686 740 3747 alius
767 3697 870 3748 terror.
931 3687 1031 3748 Latini
1047 3682 1163 3768 ‚equites

173 3787 249 3829 eum*
262 3768 445 3828 tumultuoso
465 3768 607 3826 advolant
620 3769 748 3827 nuncio:
770 3768 922 3827 “Volscos
935 3768 1042 3827 infesto
1056 3779 1165 3822 exercr-

174 3854 205 3907 tu
219 3851 257 3910 ad
274 3849 377 3909 urbem
390 3847 619 3927 oppugnandam
631 3847 734 3908 venire
744 3849 777 3919 ;’'
798 3867 864 3928 que
879 3849 981 3914 audita
995 3845 1082 3928 (adab
1095 3841 1165 3902 dun
