2634 4392
1054 150 1081 160 ..-

525 334 655 403 LIBER
668 339 728 402 111.
1064 340 1123 402 14³
1139 332 1142 337 ’
1218 364 1219 367 ¹

130 500 221 570 etatis,
239 496 272 561 in
293 503 353 579 qut
374 505 463 561 natus
477 505 568 573 esset,
586 506 677 581 qutm
691 498 823 569 foederis,
847 497 959 560 nelarie
980 496 1033 560 icti
1053 498 1122 561 cum

96 619 97 626 κ
131 580 255 663 collegis,
280 580 464 640 meminisset
475 600 485 650 3
505 581 600 640 multb
620 580 651 639 id
667 576 759 671 magis
775 600 807 638 se
827 578 908 639 illius
923 584 1122 651 caust'orare,

131 663 214 739 qulm
227 659 424 742 reipublicae.¹
452 658 568 740 Quippe
582 660 804 741 rempublrcam,
818 658 844 717 si
860 658 876 717 d
891 658 1057 720 volentibus
1070 675 1122 721 ne·

130 746 221 819 queat,
243 742 279 800 ab
292 738 395 799 invitis
401 741 453 819 jus
467 740 673 832 expetiturum.
715 739 774 799 Sed
789 750 945 820 ex'magno
960 740 1123 801 certamine

129 839 244 901 mugnus
272 818 398 880 excitari
424 819 517 879 ferme
543 817 1124 889 tras;earumeventumseh0r1·ere.”
1220 884 1221 889 η

130 900 220 973 Quum
236 898 330 968 aliud,
352 905 556 979 proeterquam
567 900 606 960 de
620 920 679 979 quo
694 897 875 968 retulissent,
896 898 1057 959 decemviri
1078 898 1124 959 di-

130 1000 192 1039 cere
206 978 410 1060 prohiberent,
437 978 598 1039 Claudium
624 978 836 1059 interpellandi
858 976 1038 1039 verecundia
1058 974 1127 1043 fuit,
1220 990 1221 1005 *

131 1060 312 1120 Sententiam
335 1058 430 1140 igitur'
446 1058 571 1140 peregit,
597 1058 714 1118 nullum
737 1060 855 1139 placere
883 1059 1125 1119 senatusconsul·
1220 1120 1221 1131 ,

129 1147 186 1199 tum
201 1139 278 1199 fieri.
308 1140 480 1217 Omnesque
494 1137 741 1218 itanceipiebant,
755 1138 885 1219 privatos
899 1157 950 1197 eos
965 1139 982 1197 a
997 1136 1126 1205 Claudio
1220 1136 1221 1193 ἲ

125 1219 290 1298 judicatos:
324 1217 471 1298 multique
493 1238 531 1278 ex
551 1218 756 1278 consularibus
792 1221 880 1277 verbo
907 1217 1020 1277 assensi
1045 1226 1125 1279 sunt.
1220 1258 1221 1267 κ

130 1299 193 1359 Alia
206 1298 366 1368 sententia,
386 1296 518 1378 asperior
531 1295 562 1356 iu
575 1299 717 1377 speciem,
741 1297 801 1357 rint
816 1296 959 1357 minorem
974 1296 1126 1376 aliquanto
1220 1318 1221 1367 t

129 1378 236 1448 babuit,
260 1398 328 1456 qnae
349 1376 489 1456 patricios
503 1377 582 1437 coire
596 1377 635 1455 ad
649 1377 835 1458 prodendum
851 1376 1028 1458 interregem
1038 1379 1125 1457 jubeg
1220 1374 1221 1423 l

129 1460 191 1517 bat:
214 1455 364 1517 censendo
378 1456 466 1525 enim,
480 1475 675 1535 quoscunque
697 1457 886 1539 magistratus
901 1476 975 1526 esse,
990 1456 1042 1535 qui
1056 1476 1125 1516 sen·

126 1543 205 1596 etum
221 1536 372 1605 haberent,
387 1535 564 1616 judicabat;
585 1556 660 1616 quos
674 1537 803 1617 privatus
817 1536 930 1597 fenerat
943 1545 1047 1598 auctor
1058 1536 1126 1595 nul·
1220 1542 1221 1547 ’

129 1616 182 1675 lius
195 1616 450 1678 senatusconsulti
463 1616 603 1676 faciendi.
645 1618 693 1693 lta
702 1617 822 1677 labante
829 1618 893 1695 jam
903 1624 994 1675 causet
1006 1617 1126 1676 decem·
1220 1634 1221 1681 ζ

130 1688 267 1764 virorum,
287 1696 324 1755 L.
338 1694 498 1755 Cornelius
511 1694 741 1775 Maluginensis,
756 1696 801 1753 M.
816 1696 950 1755 Cornelii
963 1694 1127 1755 decemviri
1166 1691 1167 1695 ¹
1220 1732 1221 1769 3

130 1774 227 1845 trater,
241 1795 333 1853 quum
348 1795 386 1834 ex
400 1774 605 1850 consularibus
614 1774 651 1833 ud
664 1774 803 1834 ultimum
812 1774 933 1833 dicendi
947 1775 1043 1840 locum
1056 1794 1127 1834 con·
1220 1794 1221 1805 ¹

129 1853 204 1914 sultb
225 1862 362 1915 servatus
377 1860 466 1921 esset,
491 1852 659 1914 simulando
675 1874 776 1915 curam
790 1854 876 1923 belli,
891 1854 1013 1915 fratrem
1024 1855 1128 1915 “colle-
1220 1910 1221 1923 ,

128 1953 239 2071 pesque
252 1936 317 2014 ejus
330 1937 487 1994 tuebatur:
508 1945 525 1970 “
537 1935 666 2013 qudnam
681 1934 742 1994 fato
763 1934 928 2003 incidisset,
948 1934 1049 1995 mirari
1071 1936 1128 1995 se*

147 2013 281 2082 ictitans,
299 2020 360 2073 “ut
373 2014 568 2081 decemviros,
588 2013 641 2093 qui
654 2014 885 2074 decemviratum
899 2022 1055 2094 petissent,
1077 2020 1130 2075 aut
1151 2066 1156 2071 .
1220 2070 1221 2075 ,

128 2094 208 2162 socii,
233 2093 334 2151 anthi
348 2093 474 2151 maxime
488 2094 716 2171 oppugnarent?
735 2102 788 2154 aut
808 2094 881 2173 quid
895 2094 948 2165 ita,
968 2115 1059 2173 quum
1074 2114 1128 2174 per

129 2180 170 2233 tot
189 2191 311 2231 menses
324 2178 421 2246 vacut
442 2171 563 2230 civitate
584 2190 681 2240 nemo,
698 2174 814 2251 justme
837 2172 1026 2253 magistratus
1048 2193 1129 2233 sum·

129 2271 181 2312 mse
197 2272 298 2312 rerum
321 2257 494 2331 praeessent,
516 2250 744 2309 controversiam
759 2248 883 2322 fecerit;
904 2272 983 2312 nunc
998 2253 1130 2324 demum,

131 2352 221 2410 quum
235 2332 335 2391 hostes
349 2332 441 2411 propt
460 2330 496 2389 ad
512 2336 612 2410 portas
626 2330 695 2399 sint,
710 2330 814 2391 civiles
829 2332 993 2393 discordias
1008 2346 1129 2392 serant:

131 2412 183 2471 uisi
208 2412 292 2491 qubd
313 2410 344 2469 in
364 2410 483 2471 turbido
506 2410 604 2470 minds
624 2410 813 2490 perspicuum
834 2411 895 2471 fore
916 2420 1032 2492 putent,
1056 2410 1130 2491 quid
1220 2484 1221 2489 η

133 2500 242 2573 agetur.
283 2491 427 2550 Celerum
449 2489 607 2558 neminem,
629 2493 739 2570 majore
762 2497 833 2551 curt
848 2492 1002 2571 occupatis
1016 2491 1133 2563 animis,
1220 2512 1221 2531 ³

132 2591 232 2632 rerum
243 2590 322 2639 esse,
334 2570 543 2651 praejudicium
558 2570 601 2631 rei
615 2576 709 2631 tantre
722 2570 838 2632 afferre.
880 2572 942 2631 Sibi
974 2572 1083 2641 lacere,
1094 2572 1133 2631 de

135 2671 174 2720 eo,
194 2650 278 2731 qubd
296 2649 429 2710 Valerius
446 2650 647 2730 Horatiusque
661 2656 731 2709 ante
747 2651 818 2710 ldus
833 2651 931 2711 Maias
946 2593 1131 2713 decemviros

133 2733 225 2791 abisse
239 2733 416 2868 mapistratu
428 2730 612 2799 insimulent,
625 2730 722 2804 bellis,
736 2751 805 2810 quae
819 2731 1003 2801 immineant,
1018 2731 1134 2813 perfec·

133 2810 178 2880 tis,
198 2814 293 2892 repub
307 2810 354 2869 iet
374 2810 407 2868 in
427 2811 622 2889 tranquillum
645 2812 778 2881 redactt,
803 2820 909 2873 senatu
933 2813 1133 2891 disceptante,
1220 2836 1221 2887 3

135 2891 196 2971 agie
218 2898 252 2950 et
261 2894 324 2969 jam
337 2908 417 2948 nunc
429 2890 473 2948 ita
486 2910 518 2949 se
526 2910 631 2981 parare
643 2894 702 2969 Ap.
713 2890 927 2959 Claudiumut
938 2890 1135 2959 comitiorum,

137 2990 199 3047 qnae
213 2968 394 3029 decemviris
415 2969 551 3028 creandus
566 2969 725 3029 decemvir
737 2970 802 3049 ipse
814 2971 960 3040 habuerit,
982 2972 1058 3031 sciat
1079 2968 1136 3030 sibi

139 3050 276 3111 rationem
293 3047 476 3109 reddendam
490 3067 565 3115 esse,
579 3049 682 3108 utrtlm
695 3048 726 3107 in
741 3066 833 3115 unum
844 3070 954 3111 annum
963 3048 1055 3111 creati
1065 3049 1135 3118 sint,

139 3148 172 3189 an
194 3132 289 3190 donec
303 3130 394 3210 leges,
418 3147 485 3207 quae
501 3127 651 3196 deessent,
672 3127 883 3207 perterrentur.
908 3132 960 3189 ln
975 3128 1137 3210 praesentia

141 3209 237 3268 urnrriu
251 3217 359 3289 praeter
371 3208 483 3269 bellum
497 3206 593 3267 omitti
614 3208 754 3287 placere:
774 3211 859 3291 cujus
883 3210 908 3271 si
930 3210 1006 3271 falsb
1026 3208 1154 3283 famam,
1220 3208 1221 3211 ’

138 3288 296 3369 vulgatum,
320 3308 456 3367 vanaque
476 3308 535 3347 non
550 3287 675 3347 nuncios
689 3288 796 3359 solum,
820 3290 871 3349 sed
895 3290 1139 3351 Tusculanorum

138 3369 224 3427 etiam
240 3370 363 3451 legatos,
377 3366 515 3438 attulisse
528 3374 644 3447 putent,
658 3369 863 3448 speculatores
885 3370 1049 3429 mittendos
1064 3389 1135 3429 cen·
1220 3428 1221 3431 ,

140 3465 210 3516 cere,
224 3450 276 3527 qui
290 3448 402 3507 certirls
416 3447 569 3527 explorata
583 3445 725 3507 referunt.
767 3449 819 3507 Sin
840 3450 915 3509 fides
929 3457 958 3509 et
973 3449 1090 3509 nunciis
1105 3454 1138 3509 eb

139 3524 241 3607 legatis
269 3527 418 3598 habeatur,
443 3526 712 3608 delectumprimo
727 3528 846 3606 qudque
860 3539 991 3611 ternpore
1016 3528 1137 3598 haberi;
1220 3524 1221 3529 '

143 3604 330 3675 decemviros,
351 3608 410 3686 qnb
424 3608 533 3685 cuique
555 3626 656 3667 eorum
670 3606 816 3678 videatur,
842 3611 992 3671 exercitus
1006 3608 1138 3679 ducere;
1220 3612 1221 3623 ¹

144 3702 195 3744 nec
209 3708 272 3747 rem
285 3686 373 3746 aliam
387 3686 559 3765 pr‘oevertiss’

182 3766 262 3827 th.
286 3768 321 3827 ln
342 3766 417 3826 banc
436 3766 615 3827 sententiam
627 3773 663 3825 ut
676 3766 891 3835 discederetur,
910 3766 1044 3845 juniores
1065 3768 1139 3828 Pat-

146 3862 207 3903 rum
220 3846 404 3907 evincebant.
445 3847 616 3907 Ferociore's
637 3847 743 3905 iterum
766 3847 859 3907 coorti
879 3846 1018 3907 Valerius
1039 3848 1137 3908 Hora·

145 3922 262 4007 tiaeque
273 3926 439 3997 vociferari,
452 3940 470 3965 ‘⁶
482 3935 517 3991 ut
529 3927 569 3989 de
581 3920 734 4009 republica
747 3924 984 4036 liceret'dicere5
1004 3926 1157 4022 disturbs·
