2634 4392
566 314 697 375 LIBER
711 312 770 374 111.
945 329 949 332 ·
1094 310 1151 367 ns

94 463 95 516 3
159 476 299 540 Proelium
311 475 523 555 tuitutrinque
536 473 714 542 vehemens3
736 470 817 549 qudd
831 470 1026 531 etltomanus
1049 466 1096 527 ira
1119 487 1152 526 o·

157 558 262 635 dicque
272 558 431 638 pugnabat,
445 561 478 614 et
488 550 799 633 AEquosconscientia
813 549 957 610 contracti
972 550 1061 629 culptr
1071 546 1151 627 peri·
1169 596 1174 603 .

157 636 223 705 culi,
236 642 270 697 et
281 635 449 715 desperatio
462 635 572 695 futurae
583 632 639 693 sibi
659 637 762 712 postea
772 630 852 699 fidei,
865 628 970 688 ultima
983 628 1093 711 audere
1119 631 1152 685 et

156 714 280 795 experiri
306 717 439 795 cogebat.
479 713 550 774 Non
562 718 663 774 tamen
686 710 852 771 sustinuere
872 707 967 769 aciem
986 707 1151 767 Romanam

156 794 264 873 AEquir
297 793 437 874 pulsique
462 814 558 871 quum
578 793 610 852 in
624 792 700 851 lines
713 810 782 850 suos
795 808 828 850 se
847 786 1039 869 recepissent,
1058 784 1151 845 nihilo

155 872 388 938 inclinatioribus
402 874 441 935 ad
461 894 565 953 pacem
590 870 696 932 animis
710 870 793 930 ferox
814 866 972 929 multitudo
995 866 1151 1003 increpare

94 971 95 978 ¹
158 952 255 1022 duces,
274 953 357 1032 qnbd
367 953 399 1013 in
413 952 517 1021 aciem,
528 958 588 1031 qua
598 950 751 1033 pugnandi
765 955 829 1009 arte
840 949 992 1007 Romanus
1013 946 1150 1014 excolat,

156 1033 309 1092 commissa
322 1052 370 1093 res
384 1032 433 1093 sit.
473 1034 589 1110 AEquos
603 1028 842 1122 populationibus
870 1026 1151 1105 incursionibusque

155 1110 290 1172 meliores
303 1132 386 1172 esse:
407 1118 439 1173 et
451 1112 562 1173 multas
575 1129 686 1190 passim
699 1127 814 1178 manus,
828 1108 919 1187 quam
936 1124 1073 1185 magnam
1086 1123 1151 1166 mo·

154 1189 212 1251 lem
227 1191 315 1251 unius
329 1192 490 1259 exercitiis,
502 1191 616 1251 rectius
628 1189 709 1249 b'ella
717 1208 829 1281 gerere.
1223 1204 1224 1235 i

191 1272 252 1331 ΙΙΙ.
272 1271 390 1332 Relicto
403 1272 505 1350 itaque
519 1269 626 1331 castris
638 1269 786 1349 praesidio,
797 1267 908 1348 egressi
922 1271 1006 1327 tanto
1020 1286 1088 1325 eum
1101 1270 1150 1325 tu·
1217 1274 1220 1281 '

152 1350 251 1416 multu
263 1348 398 1411 invasere
410 1351 487 1411 fines
505 1350 665 1417 Romanos,
677 1354 712 1409 ut
735 1348 774 1409 ad
794 1350 896 1408 urbem
917 1366 1036 1426 qnoque
1055 1353 1150 1406 terro·
1223 1334 1224 1395 l

152 1449 215 1489 rem
236 1430 433 1508 pertulerint;
456 1447 458 1450 ·
476 1430 656 1509 necopinata
676 1428 765 1489 ctiam
785 1448 833 1488 res
852 1427 922 1507 plus
944 1425 1151 1505 trepidationis
1223 1410 1224 1497 l

151 1504 238 1577 fecit,
252 1508 334 1586 qnbd
343 1508 416 1568 nibil
429 1509 538 1579 minus,
549 1530 639 1589 quam
653 1528 691 1569 ne
705 1508 803 1569 victus
825 1527 860 1569 ao
883 1507 975 1588 prope·
998 1506 1030 1566 in
1044 1504 1151 1566 castris
1223 1518 1224 1587 J

152 1590 291 1647 obsessus
311 1587 403 1648 bostis
430 1610 543 1653 memor
582 1588 760 1671 epulationis
788 1592 876 1655 esset,
902 1584 1000 1645 timeri
1013 1589 1151 1667 poterat3
1223 1656 1224 1659 Ἴ

150 1673 353 1748 agrestesque,
367 1668 471 1748 pavidi.
489 1610 658 1727 incidentes
671 1667 773 1747 p'o'rtis,
784 1686 844 1727 non
855 1666 1083 1746 populationem,
1094 1686 1151 1727 nec
1223 1668 1224 1709 ἲ

150 1747 327 1826 praedonum
340 1766 447 1826 parvas
459 1747 652 1820 mannased,
673 1746 770 1807 omnia
794 1766 870 1806 vano
884 1751 1026 1824 augentes
1037 1745 1152 1814 timore,
1223 1752 1224 1783 ³

150 1825 299 1888 exercitus
321 1831 352 1886 et
364 1825 496 1907 legiones
518 1826 624 1888 adesse
638 1825 776 1894 bostium,
789 1830 820 1885 et
833 1822 942 1885 infesto
957 1821 1074 1905 agmine
1100 1846 1151 1884 ru-
1223 1816 1224 1887 i

150 1926 200 1965 ere
213 1906 253 1965 ad
267 1909 379 1975 urbem,
388 1907 565 1967 clamabant.
605 1908 653 1966 Ab
663 1906 709 1965 his
721 1904 846 1987 proximi
856 1904 958 1966 audita
966 1905 1089 1975 incerta,
1100 1905 1151 1963 eb·
1223 1958 1224 1969 ,

151 2005 209 2065 que
222 1985 355 2055 vaniora,
368 1984 447 2046 terre
461 1985 501 2047 ad
514 1986 606 2047 alios:
627 2005 732 2046 cursus
744 1986 913 2065 clamorque
927 1984 1097 2046 vocantium
1111 1986 1150 2045 ad
1174 2012 1180 2019 ··
1223 2048 1224 2051 ,

150 2084 234 2125 arma
248 2065 329 2125 haud
351 2066 480 2125 multum
494 2065 510 2123 a
524 2086 632 2144 pavore
647 2072 744 2145 captae
755 2066 835 2125 urbis
849 2068 962 2127 abasse.
1002 2066 1092 2125 Forte
1114 2068 1150 2125 ab
1223 2090 1224 2125 i

150 2144 265 2225 Algido
278 2142 436 2216 Quinctius
450 2144 556 2203 consul
577 2143 706 2203 redierat
718 2146 854 2213 Romam,
869 2144 912 2237 (id
937 2143 1098 2203 remedium
1112 2144 1150 2204 ti-
1223 2142 1224 2203 l

150 2223 225 2284 mori
240 2221 319 2313 fuit)
344 2222 533 2300 tumultuque
545 2222 656 2290 sedato,
671 2221 766 2282 victos
778 2224 885 2283 timeri
905 2224 1062 2302 increpans
1083 2224 1152 2285 hoe«

150 2300 365 2382 temptandis
389 2300 482 2382 portis
495 2300 645 2382 imposuit.
685 2302 800 2377 Vocato
820 2301 891 2362 dein
911 2308 1025 2369 senatu,
1049 2322 1150 2381 quum,

148 2401 184 2441 ex
205 2380 386 2443 auctoritate
409 2382 535 2441 Petrum
548 2380 661 2442 'ustitio
680 2380 802 2453 indicto,
825 2381 976 2462 profectus
990 2381 1027 2441 ad
1049 2389 1149 2443 tutan-

150 2461 203 2530 dos
214 2461 293 2521 lines
303 2466 394 2529 esset,
407 2461 443 2534 Q.
458 2403 585 2521 Serviiio
598 2460 742 2542 praefecto
752 2461 837 2521 'urbis
852 2460 965 2530 relicto,
977 2461 1094 2521 bostem
1117 2463 1149 2523 in

150 2541 227 2622 agris
246 2560 307 2600 non
316 2539 442 2600 invenit.
466 2590 468 2594 .
483 2536 531 2601 Ab
545 2542 639 2601 altero
654 2542 776 2601 consule
790 2561 838 2602 res
850 2548 936 2623 gesta
957 2541 1072 2623 egregit
1083 2551 1150 2614 est;

151 2620 209 2699 qni,
223 2627 286 2713 quat
300 2627 458 2681 venturum
471 2620 586 2681 hostem
599 2620 721 2689 sciebat,
735 2640 854 2701 gravem
864 2622 975 2702 praeda,
983 2624 1081 2702 'ebque
1094 2622 1150 2683 im·

150 2701 296 2780 peditrore
309 2700 426 2793 agmine
445 2699 637 2761 incedentem
647 2720 793 2781 agressus,
814 2701 964 2762 funestam
978 2702 1005 2761 ei
1026 2703 1150 2783 popula-

150 2780 261 2843 tionem
286 2781 368 2840 fecrt.
408 2781 502 2841 Pauci
520 2779 650 2841 bostium
673 2800 794 2841 evasere
815 2801 853 2842 cx
879 2780 1016 2841 insidiis:
1044 2783 1149 2862 praeda

151 2861 244 2921 omnis
258 2861 380 2939 recepta
393 2866 458 2919 est:
478 2860 521 2920 sic
535 2860 624 2921 finem
642 2860 769 2941 justitio,
784 2860 864 2940 quod
876 2862 1068 2940 quatriduum
1082 2862 1149 2934 fnit,

150 2939 265 3001 reditus
279 2939 412 3012 Quinctii
425 2939 556 2998 consulis
569 2940 601 2999 in
610 2944 713 3001 urbem
726 2940 820 3001 fecit·¹
849 2940 965 3001 Census
980 2942 1087 3001 deinde
1099 2963 1149 3003 ac-

151 3023 207 3089 tus,
218 3027 253 3080 et
267 3017 422 3079 conditum
445 3019 481 3077 ab
493 3018 633 3091 Quinctio
644 3021 791 3078 lustrum:
813 3040 903 3080 censa
917 3021 1026 3080 civium
1051 3022 1149 3101 capita

151 3106 272 3161 centum
290 3105 427 3177 quatuor·
440 3096 537 3157 millia
549 3104 581 3158 et
606 3098 737 3158 ducenta
750 3099 976 3176 quatuordeeim
997 3100 1150 3171 dicuntur,
1223 3156 1224 3175 ,

150 3186 262 3255 praeter
274 3181 359 3238 orbos
373 3179 527 3255 orbaeque.
567 3178 604 3237 ln
623 3178 734 3256 AEquis
748 3177 822 3238 nibil
836 3178 946 3239 deinde
960 3181 1148 3242 memorabile
1223 3178 1224 3249 Ξ

150 3265 269 3317 actirmr
288 3256 319 3317 in
333 3257 441 3338 oppida
455 3277 509 3317 sua
521 3276 554 3316 sc
567 3277 716 3337 recepere,
729 3257 777 3318 uri
791 3278 845 3317 sna
866 3259 1059 3339 popularique
1078 3281 1148 3341 pas·
1223 3278 1224 3287 ¹

151 3336 183 3394 si.
225 3337 348 3406 Consul,
361 3357 454 3416 quum
465 3336 623 3415 aliquoties
634 3358 687 3417 per
700 3356 817 3399 omnem
830 3338 957 3398 hostiurn
971 3359 988 3398 a
1008 3360 1073 3399 rum
1099 3340 1148 3401 ln·
1223 3338 1224 3415 i

150 3414 225 3476 testo
236 3417 352 3495 agmine
373 3416 601 3497 populabundus
614 3416 698 3487 isset,
710 3434 780 3478 cum
800 3417 916 3499 ingenti
929 3360 1017 3487 lauria
1028 3422 1146 3501 pracda-
1223 3428 1224 3435 ’

151 3515 208 3575 qne
222 3498 346 3555 Romam
367 3496 466 3557 rediit.
836 3506 839 3512 “
1223 3560 1224 3563 ¹

188 3575 243 3634 IV.
266 3575 413 3636 Consules
421 3576 493 3637 inde
505 3578 543 3635 A.
557 3576 728 3639 Postumius
740 3577 845 3647 Albus,
860 3578 910 3659 sp.
921 3579 1028 3641 Furius
1040 3582 1147 3647 Fusus.
1223 3612 1224 3643 l

151 3652 255 3715 Furios
278 3654 381 3715 Fusios
397 3656 542 3739 scripsere
557 3656 699 3734 quidam:
733 3658 765 3721 id
778 3658 930 3729 admoneo,
950 3680 995 3719 ne
1009 3660 1076 3739 quis
1089 3660 1144 3723 im·
1223 3666 1224 3689 ³

151 3733 342 3794 mutationem
356 3735 484 3797 virorum
495 3735 626 3816 ipsorum
640 3756 716 3807 esse,
727 3757 795 3817 quae
810 3738 961 3799 nominum
975 3746 1030 3809 est,
1050 3750 1145 3819 putet.

152 3810 241 3874 Haud
254 3814 378 3874 dubium
391 3822 464 3887 erat,
472 3816 545 3895 quin
557 3836 625 3875 cum
636 3817 743 3895 AEquis
764 3818 840 3878 alter
860 3818 1014 3877 consulum
1034 3818 1145 3887 bellum
1223 3868 1224 3871 η

149 3900 274 3971 gereret.
328 3894 435 3975 ltaque
447 3895 543 4036 AEuni
554 3897 595 4036 {b
609 3896 766 3962 Ecetranis
780 3897 898 3960 Volscis
910 3897 1082 3981 praesidium
1095 3924 1148 3987 pe·
