2634 4392
575 295 743 358 stenar
779 271 791 379 j
1115 298 1151 356 n

86 445 88 454 ’
148 459 279 528 astitisse,
289 459 320 518 et
328 473 388 518 non
398 454 567 516 defuturam
575 455 738 526 virtutem3
762 453 933 535 proindene
952 461 1150 537 gravarentur
1229 456 1230 459 ’

86 597 87 614 p
148 539 283 598 homines
295 557 364 597 cum
376 535 542 600 homimbus
556 534 731 616 sanguinem
742 542 774 594 et
786 535 1044 614 genusrniscere.”
1066 536 1151 595 Nus·
1229 530 1230 581 ἶ

86 637 87 672 l
147 637 239 696 quam
251 613 501 698 benignelegatio
515 615 618 686 audita
631 621 698 684 est;
718 614 795 674 adab
808 615 896 673 simul
909 618 1097 696 spernebant,
1109 616 1151 675 si·
1229 634 1230 651 ¹

86 689 87 768 J
148 697 210 756 mul
227 703 342 756 tantam
356 696 389 755 in
402 694 499 756 medio
510 701 699 756 crescentem
710 695 819 753 molem
830 695 886 754 sibi
898 716 935 754 ac
949 694 1076 774 posteris
1085 696 1149 756 suis
1229 760 1230 763 ,

86 787 90 798 '
146 778 332 836 metuebant.
372 777 403 836 A
416 773 566 856 plerisque
579 771 777 864 rogitantibus
801 773 927 843 dimissi,
940 775 1090 853 “Ecquod
1104 776 1150 834 fe·
1229 810 1230 813 =

147 855 239 916 ruinis
257 875 378 947 qnoque
391 854 509 933 asylum
524 852 734 932 aperuissent?
754 851 786 910 id
800 852 880 919 enim
893 855 1014 915 demum
1028 875 1150 934 compar

86 945 88 954 ⁴
149 935 332 994 connubium
352 932 450 994 forest
491 932 586 1019 AEgrt}
598 931 632 991 id
655 932 791 991 Romana
804 935 896 1010 pubes
909 954 1006 1012 passa,
1024 941 1056 994 et
1069 935 1150 994 haud
1229 942 1230 1005 J

148 1014 238 1074 dubie
253 1014 292 1074 ad
303 1013 389 1074 virns
411 1018 518 1073 ectare·
533 1032 583 1072 res
597 1011 708 1090 capim
729 1011 778 1070 oui
791 1018 908 1102 tempus
922 1013 1081 1092 locumque
1096 1035 1151 1093 ap·-
1229 1018 1230 1023 ’

147 1099 211 1152 tum
222 1099 262 1158 ut
278 1093 363 1153 daret
423 1093 534 1160 mulus,
546 1090 756 1173 aegritudinem
766 1089 858 1150 anim1
879 1089 1082 1162 dissimulans,
1103 1094 1150 1151 ln-

148 1173 202 1232 dos
214 1193 254 1232 ex
268 1172 417 1234 industria
427 1177 523 1265 parat,
534 1171 584 1232 Ne
606 1177 680 1230 tuno
689 1169 831 1249 Equestri
843 1171 991 1229 solennes.
1031 1173 1151 1235 Consu-

148 1253 206 1312 alia
217 1258 316 1312 vocat.
343 1253 441 1312 lndicr
454 1251 565 1312 deinde
596 1250 710 1310 nitimis
722 1250 926 1330 spectaculum
931 1252 1040 1330 jubat;
1054 1270 1149 1329 quan-

146 1338 238 1410 toque
252 1338 398 1411 apparato
413 1337 478 1391 tum
491 1330 634 1399 sciebant,
646 1337 699 1390 aut
711 1335 860 1410 poterant,
871 1329 1100 1401 concelebrant3
1116 1339 1151 1393 ot

147 1430 208 1471 rem
222 1407 340 1472 claram
354 1415 616 1492 exspectatamque
626 1409 770 1470 facerent.
810 1409 905 1468 Multi
922 1411 1063 1470 mortales
1077 1432 1149 1470 con-

148 1510 269 1559 venere,
289 1489 388 1550 studio
402 1489 490 1550 etiarn
504 1490 643 1551 videndae
658 1509 746 1550 novae
760 1488 858 1558 or'ois3
879 1488 1008 1549 maxime
1019 1491 1149 1570 proximi

147 1571 268 1650 quique,
282 1569 489 1638 Caeninenses
503 1567 700 1648 Crustumini,
712 1569 920 1630 Antemnates.
940 1569 1007 1630 Jam
1022 1571 1148 1630 Sabino·

147 1669 208 1710 rum
223 1648 508 1718 omnis'multitudo,
520 1670 587 1708 oum
597 1648 700 1710 liberis
714 1668 749 1708 ac
764 1649 948 1729 conjugibus,
961 1648 1054 1710 venit.
1096 1653 1149 1710 ln·

147 1728 233 1790 vitati
244 1728 437 1809 hospitaliter
450 1749 503 1807 per
524 1728 637 1796 domos,
651 1748 743 1806 quum
756 1728 848 1807 situm
860 1729 1029 1807 moeniaque
1043 1735 1075 1790 et
1086 1730 1150 1791 fre·

86 1805 88 1812 ’
147 1813 288 1884 ouantem
310 1808 402 1868 tectis
416 1809 519 1867 urbem
542 1806 700 1875 vidissent,
723 1805 878 1882 mirantur,
896 1814 958 1867 tam
976 1809 1059 1870 brevi
1082 1831 1148 1870 rem

94 1933 100 1952 .
148 1887 310 1950 Romanam
325 1886 465 1948 crevisse.
506 1887 565 1946 Ubi
580 1885 744 1966 spectaculi
765 1891 883 1968 tempus
903 1887 996 1959 venit,
1017 1889 1146 1950 deditae·

146 1987 201 2044 qne
213 1969 251 2028 ed
262 1974 377 2027 mentes
388 1987 456 2028 cum
470 1967 566 2026 oculis
580 1972 675 2036 eraut,
687 1972 755 2027 turn
765 1985 803 2026 ex
817 1988 881 2027 com
923 1967 979 2028 sito
997 1974 1064 2028 orta
1078 1969 1145 2040 vis3

146 2048 289 2128 signoque
303 2048 381 2120 dato,
398 2048 543 2127 juventus
564 2047 700 2106 Romana
713 2046 752 2106 ad
766 2046 870 2126 rapien
893 2068 926 2107 as
936 2047 1067 2138 virgines
1080 2048 1143 2107 dis-

146 2127 247 2186 currit.
288 2128 400 2207 Magoa
418 2145 487 2206 pars
507 2125 595 2196 torte,
618 2132 653 2185 ut
671 2126 705 2184 in
725 2144 815 2204 qoem
838 2145 966 2206 quaeque
986 2126 1145 2199 inciderat,

146 2212 251 2286 raptae.
292 2205 438 2278 Quasdam
452 2205 548 2265 forant
563 2205 732 2264 excellente
744 2206 922 2283 primoribus
936 2206 1060 2270 Patrum
1072 2207 1143 2268 des·

145 2284 265 2353 tinetas,
280 2303 316 2344 er
328 2285 413 2365 plebe
424 2284 567 2354 honines,
581 2283 695 2366 quibus
713 2283 818 2344 datum
831 2285 982 2365 negotium
996 2292 1069 2355 erat,
1088 2289 1142 2347 do-

146 2383 205 2424 mos
220 2363 403 2426 deferebant.
444 2365 553 2434 Unam,
575 2364 663 2444 longe
677 2369 748 2423 ante
758 2363 833 2424 alias
847 2363 947 2445 speeie
961 2385 996 2425 ac
1009 2365 1143 2446 pulchri-

144 2443 248 2502 tudine
259 2442 416 2526 insign'em,
428 2444 445 2504 a
458 2445 544 2524 globo
554 2442 688 2504 Talassii
712 2444 870 2523 cujusdam
881 2449 999 2536 raptam
1020 2444 1141 2519 ferunt;

145 2522 303 2602 inultisqoe
316 2523 546 2594 sciscitantibus,
559 2523 687 2585 cinnam·
698 2541 765 2582 eam
778 2523 900 2592 ferrent,
914 2524 1088 2594 identidem,
1102 2546 1142 2588 ne

144 2602 207 2679 quis
224 2601 360 2672 uiolaret·
386 2603 524 2663 Talassio
540 2602 622 2662 'ferri
646 2602 850 2674 clamitatum
882 2591 954 2663 inde
973 2606 1140 2687 nuptialem

142 2681 214 2741 lianc
236 2701 346 2752 vocem,
360 2683 479 2743 saetam.
527 2683 664 2742 Turbato
678 2703 737 2775 per
759 2689 875 2744 metum
891 2683 1018 2757 ludicro,
1039 2687 1140 2747 moesti

144 2766 278 2841 parentes
300 2761 656 2844 uirginumprofogiunt,
677 2769 850 2824 incusantes
881 2763 985 2825 violati
1018 2765 1141 2848 hospitii

142 2841 247 2912 medus,
274 2841 432 2921 Deumque
452 2841 638 2919 invocantes,
660 2844 747 2922 cujus
767 2843 814 2904 *ad
835 2844 959 2905 solenne
978 2846 1138 2926 ludosque,

143 2940 191 2999 per
204 2921 251 2981 las
273 2942 308 2980 ac
329 2923 419 2982 fidam
440 2922 568 3002 decepti,
588 2920 752 2983 venissent.
792 2924 860 2984 Nec
881 2925 1048 3005 raptisaut
1067 2944 1136 3006 spes

141 3001 175 3057 do
189 3019 220 3059 se
242 2998 358 3068 melior,
379 3006 433 3059 aut
444 3000 606 3079 'rrrdignatio
627 3008 674 3062 est
692 3001 804 3075 minor3
822 3005 880 3064 sed
899 3004 964 3084 ipse
989 3005 1137 3066 Romulus

140 3080 281 3145 circuibat
290 3079 485 3160 docebattpre
505 3091 523 3114 “
531 3079 654 3140 Patrum
666 3078 698 3139 id
711 3084 848 3164 superbit
861 3083 983 3152 sactum,
997 3082 1051 3164 qui
1063 3103 1136 3145 con-

140 3159 258 3220 nubium
272 3159 406 3235 finitimis
427 3164 606 3240 negassent;
639 3159 707 3222 illas
719 3169 820 3225 tamen
839 3163 872 3222 in
886 3162 1082 3233 matrimonio,
1102 3165 1135 3226 ia

139 3239 279 3300 societate
292 3239 476 3300 fortunarum
499 3241 629 3300 omnium
643 3238 843 3323 civitatisque,
864 3249 974 3322 etque
987 3242 1060 3302 nihil
1082 3265 1133 3305 ca-

139 3319 196 3376 rius
210 3317 338 3380 hunuano
349 3322 449 3401 generi
460 3317 508 3388 sit,
521 3320 647 3380 libertam
662 3321 742 3382 forez
775 3323 933 3385 Mollirent
950 3322 1038 3381 modo
1051 3320 1110 3384 iras
1122 3346 1133 3396 ς

138 3407 174 3466 ot,
188 3397 294 3489 quibus
315 3399 375 3459 fors
399 3419 523 3480 corpora
542 3399 684 3470 dedisset,
697 3401 804 3462 darent
821 3400 945 3461 animos.
985 3401 1074 3482 Saepe
1094 3424 1133 3464 ex

139 3479 245 3558 injuria
254 3480 440 3556 postmodum
455 3479 581 3560 gratiam
592 3488 708 3550 ortaro;
728 3483 823 3558 adque
835 3481 1003 3542 melioribus
1025 3502 1131 3545 usurae
1220 3508 1231 3525 ¹

140 3559 216 3626 viris,
238 3559 321 3632 qudd
341 3559 504 3621 annixurus
523 3579 576 3639 pro
599 3580 632 3620 se
652 3560 780 3639 quisque
800 3559 849 3629 sit,
869 3568 912 3630 ut,
932 3582 1025 3641 quum
1046 3581 1131 3622 suam

138 3637 228 3696 vicem
246 3636 368 3700 lirnctus
381 3639 478 3700 officio
491 3637 540 3708 sit,
552 3646 709 3720 parentum
721 3638 811 3710 etiam
831 3641 997 3719 patriaque
1012 3640 1131 3717 expleat

139 3716 348 3779 deside·iom.”
387 3719 583 3858 Accedelpant
593 3718 748 3785 blanditiae
763 3719 902 3798 virorum,
925 3720 1039 3784 factum
1058 3736 1129 3807 pun
