2634 4392
132 324 170 376 54
437 400 444 411 x
520 295 710 385 ,milvii

104 533 110 550 ,
131 475 260 556 benigne
274 472 311 534 ab
330 473 440 556 ignaris
462 471 589 544 consilii,
609 493 703 553 quum
717 479 785 554 post
805 490 923 536 coenam
936 473 968 536 in
987 465 1138 570 hospitale

131 556 302 628 cubiculum
316 554 466 614 deductus
479 560 568 623 esset,
581 573 681 630 amore
696 553 814 626 ardens,
825 562 985 647 postquam
999 564 1073 618 satus
1086 569 1136 618 tu-

130 641 164 696 ta
184 635 275 704 circi,
296 633 445 716 sopitique
459 654 563 713 omnes
576 634 765 704 ridebantur,
779 641 885 695 stricto
898 636 1052 716 gladio'ud
1065 638 1137 700 dor·

130 714 274 775 mientem
295 714 469 779 Lucretiam
481 714 574 783 uenit,
595 713 779 794 sinistrtque
793 735 889 775 ‘manu
910 715 1042 777 mulieris
1063 739 1136 798 pec-

130 801 195 854 tore
209 813 360 878 oppresso,
374 806 392 831 “
403 795 497 865 Tace,
510 794 687 865 Lucretia,”
700 795 809 874 inquit,
835 807 854 833 ‘⁶
867 796 936 856 Sex.
949 795 1136 876 Tarquinius

130 894 216 943 surn3
248 873 361 934 serrum
375 874 407 935 in
427 882 605 935 mannent:
638 873 774 944 moriere,
795 874 822 934 si
842 876 975 936 emiseris
996 880 1136 938 vocem.”

130 953 230 1028 Quum
242 955 353 1034 pavida
372 964 410 1014 ex
422 973 525 1015 somno
538 955 646 1014 mulier
658 951 773 1016 nullam
794 972 889 1094 qpem,
903 976 994 1037 prope
1008 964 1136 1018 mortem

128 1034 343 1105 imminentem,
357 1035 492 1106 videret3
512 1042 576 1094 tum
597 1033 783 1114 Tarquinius
817 1035 892 1095 ateri
913 1034 1051 1106 amorem,
1066 1058 1134 1098 ora·

128 1135 171 1183 re,
185 1114 310 1176 miscere
323 1116 469 1196 ⁸precibus
483 1114 590 1184 minas,
610 1132 731 1176 versare
744 1116 776 1177 in
790 1135 892 1175 ornnes
904 1124 1007 1196 partes
1027 1117 1134 1178 mulie-

127 1196 212 1254 brem
225 1195 377 1266 animum;
397 1195 447 1255 ubi
461 1196 638 1257 obstinatam
652 1195 781 1265 videbat,
795 1204 826 1255 et
839 1213 882 1256 ne
890 1196 995 1256 mortis
1010 1197 1134 1276 quidem

126 1282 210 1334 metu
235 1276 387 1351 inclinari„
396 1275 482 1336 addit
494 1276 533 1336 ad
553 1282 665 1334 metum
688 1275 837 1336 dedecus:
859 1285 932 1356 cum
948 1283 1065 1336 mortua
1081 1279 1132 1356 ju·

126 1356 263 1437 gulatum
277 1374 396 1416 servum
412 1357 524 1416 nudum
538 1354 713 1436 positurum,
725 1355 776 1424 ait,
790 1355 868 1418 utin
883 1355 1004 1414 sordido
1015 1355 1131 1434 adulte<

127 1435 172 1495 rio
186 1444 294 1496 necata
305 1435 440 1496 dicatur.
482 1436 548 1510 Quo
568 1443 682 1495 terrore
696 1453 789 1515 quum
810 1434 932 1494 vicisset
951 1435 1133 1497 obstinatam

125 1515 304 1597 pudicitiam
326 1517 411 1574 velut
423 1515 532 1592 victrix
545 1513 647 1583 libido,
653 1515 868 1607 profectusque
882 1515 954 1574 inde
967 1515 1131 1594 Tarquini-

128 1615 174 1664 us,
187 1590 271 1655 fe'rox
285 1614 322 1654 ex
343 1603 454 1676 ugnato
467 1592 575 1656 decore
588 1595 736 1662 muliebri,
750 1603 830 1654 esset
842 1615 850 1664 ;
872 1593 1024 1665 Lucretia,
1038 1615 1133 1658 murs·
1205 1639 1211 1652 ·
1226 1607 1227 1644 ἰ

126 1680 159 1736 ta
180 1682 263 1735 tanto
276 1617 362 1744 maio,
377 1675 520 1735 nuncium
540 1676 667 1734 Romam
689 1675 817 1734 eundem
832 1674 870 1734 ad
883 1681 1009 1767 patrem,
1030 1675 1132 1736 Arde·
1226 1704 1227 1739 i

126 1776 235 1835 umque
257 1755 293 1816 ad
309 1756 407 1814 virum
420 1754 570 1824 mittit-ut
591 1775 658 1814 cum
673 1752 798 1836 singulis
811 1755 948 1815 fidelibus
963 1754 1065 1815 amicis
1079 1758 1133 1816 ve·
1226 1783 1227 1820 3

125 1836 230 1906 ninnt3
251 1835 387 1896 itafacto
409 1840 615 1914 maturatoque
629 1853 703 1914 opus
717 1853 783 1894 esse
795 1855 804 1902 ;
825 1855 885 1893 rem
907 1841 1038 1894 atrocem
1052 1835 1130 1896 inci·
1226 1864 1227 1879 ¹

125 1915 216 1976 disse.
257 1917 308 1995 Sp.
329 1915 491 1975 Lucretius
512 1934 579 1973 cum
602 1914 635 1972 P.
657 1912 778 1972 Valerio
791 1913 892 1978 Volesi
913 1913 983 1980 filio,
1004 1915 1133 1975 Collati·
1226 1943 1227 1954 κ

125 2017 184 2057 nus
198 2017 266 2056 cum
280 1997 317 2056 L.
327 1995 418 2056 Junio
438 1995 533 2052 Bruto
546 1993 655 2063 ·venit;
677 2011 745 2050 oum
766 2011 825 2072 quo
846 1992 922 2065 forte
942 1993 1072 2052 Romam
1083 2013 1132 2056 re-

125 2076 213 2145 diens
226 2079 262 2136 ab
282 2076 393 2136 nuncio
408 2073 507 2133 uxoris
528 2081 593 2132 erat
613 2079 788 2132 conventus.
828 2071 1001 2132 Lucretiam
1022 2073 1132 2134 eeden-
1226 2129 1227 2138 ,

124 2164 189 2218 tem
203 2164 339 2217 moestam
353 2155 384 2216 in
399 2153 535 2214 cubiculo
555 2152 734 2240 inveniunt3
755 2151 887 2224 adventu
907 2171 1028 2212 suorum
1041 2151 1131 2212 locri-
1226 2183 1227 2219 3

125 2257 182 2297 mae
203 2240 333 2307 obortre3
358 2232 564 2316 quaerendqne
585 2234 659 2302 viro,
679 2245 697 2270 “
711 2231 808 2292 Satin’
830 2231 940 2292 selvae?
975 2230 1131 2300 minime?

124 2316 245 2396 inquit;
278 2317 380 2395 “quid
411 2314 492 2375 enim
512 2313 587 2379 salvi
613 2320 661 2372 est
681 2312 808 2380 mulieri,
829 2310 1131 2392 amissblpudicitit?

125 2397 260 2478 vestigia
280 2396 336 2455 viri
357 2394 455 2463 alieni,
477 2391 682 2461 Collatine3in
696 2391 776 2452 lecto
796 2395 942 2451 sunttuo.
969 2389 1130 2463 Caeterbm

125 2497 234 2558 corpus
255 2482 302 2535 est
322 2477 440 2535 tant-‘zm
473 2473 627 2540 violatum,
647 2471 769 2532 animus·
786 2469 909 2539 insons}
943 2489 1021 2529 mors
1041 2471 1131 2534 testis

125 2557 193 2618 erit.
233 2555 293 2615 Sed
309 2553 378 2612 date
396 2553 517 2614 dextras
531 2551 691 2630 fidemque,
703 2550 783 2610 baud
797 2550 918 2631 impune
931 2550 1070 2610 adultero
1084 2549 1129 2610 fo-

124 2658 167 2698 re.
199 2638 268 2696 Sex.
281 2641 326 2694 est
339 2632 535 2711 Tarquinius,
548 2633 600 2710 qui
621 2631 714 2690 hostis
729 2651 782 2724 pro
796 2630 911 2712 hospite
930 2629 1026 2722 priore
1042 2637 1129 2692 nocte

124 2719 156 2777 ni
183 2722 315 2776 armatus
335 2713 406 2772 mibi
427 2712 551 2790 sibique,
571 2712 597 2770 si
617 2713 670 2770 vos'
690 2709 747 2769 vim
761 2710 843 2787 estis,
863 2705 1036 2791 pestiferum
1059 2709 1128 2770 hinc

110 2860 113 2869 ,
125 2796 249 2860 abstulit
261 2794 435 2876 gandium„
477 2794 560 2852 Dant
572 2790 677 2850 ordine
688 2809 791 2850 omnes
802 2787 916 2849 iidem:
938 2790 1130 2850 consolantur

125 2883 236 2959 aegram
250 2873 351 2943 animi,
364 2872 527 2932 avertendo
547 2891 655 2930 noxam
676 2873 713 2930 ab
726 2877 831 2930 coacta
843 2868 883 2928 'in
903 2877 1053 2943 auctorem
1075 2867 1128 2928 de-

123 2958 205 3027 licti3
227 2963 355 3015 mentem
370 2972 505 3034 peccare,
518 2971 578 3012 non
593 2970 722 3030 corpus;
743 2957 784 3020 et,
804 2949 885 3010 unde
906 2949 1062 3010 consilium
1076 2949 1128 3008 ab·

125 3037 226 3105 fuerit,
240 3028 357 3116 culpain
372 3036 485 3101 abesse,
524 3044 543 3069 “
555 3032 649 3101 Vos‚”
670 3030 780 3111 inquit,
804 3029 976 3096 “videritis
990 3028 1060 3104 qnid
1082 3027 1129 3088 illi

124 3118 287 3179 debeatur:
322 3135 376 3198 ego
390 3134 446 3184 me,
463 3111 519 3173 etsi
533 3120 657 3194 peccato
672 3111 799 3178 absolvo,
814 3107 959 3187 supplicio
979 3123 1039 3196 non
1052 3105 1129 3166 libe-

125 3221 160 3260 ro
175 3220 183 3269 ;
196 3218 252 3258 nec
285 3196 350 3257 ulla
370 3194 479 3255 deinde
507 3192 658 3274 impudica
685 3188 835 3248 Lucretius
855 3185 991 3264 exemplo
1012 3183 1128 3246 vivet-’⁹

128 3278 277 3344 Cuitrnm,
288 3296 377 3354 quem
392 3277 446 3333 sub
459 3281 543 3333 veste
554 3272 687 3333 abditum
697 3269 832 3336 habebat,
845 3285 912 3326 eum
926 3265 958 3324 in
973 3264 1063 3325 corde
1074 3266 1131 3326 de·-

127 3360 210 3442 figit:
233 3356 430 3439 prolapsaque
450 3353 482 3413 iu
501 3352 621 3420 vulnus,
639 3347 816 3419 moribundo
836 3343 955 3407 cecidit.
996 3345 1126 3406 Concla*

126 3445 210 3502 munt
225 3439 271 3496 vir
285 3445 437 3515 paterque.
485 3480 488 3487 ,
736 3467 740 3470 -
890 3469 894 3478 «
1096 3492 1099 3497 ,

168 3519 261 3580 lux:
273 3519 395 3584 notus,
421 3513 483 3574 illis
496 3513 586 3572 Juotu
606 3507 770 3591 occupatis,
791 3507 921 3568 cultrum
942 3525 980 3566 ex
1000 3505 1127 3566 vnlnere
1180 3550 1188 3562 .

127 3599 278 3664 Lucretiae
312 3602 489 3663 extractum,
519 3598 689 3652 manantem
722 3609 828 3649 cruore
860 3607 922 3668 prae
957 3605 989 3646 se
1011 3589 1142 3676 tenens,

126 3695 145 3723 ⁸⁴
157 3684 216 3742 Per
237 3676 347 3746 hunc‚'’
379 3675 485 3753 inquit,
509 3673 737 3733 “castissimum
760 3675 829 3730 nnte
855 3665 966 3748 regiam
986 3665 1126 3756 injuriam

128 3759 301 3843 sanguinein
312 3758 391 3836 juro,
404 3758 525 3832 vosque,
538 3752 598 3822 Dii,
612 3759 704 3814 testes
717 3749 804 3819 socio,
817 3766 864 3808 me
880 3747 916 3807 L.
928 3747 1127 3836 Tarquinium

118 3844 306 3924 ‘Superbum
326 3855 395 3900 curn
407 3836 554 3898 scelerata
565 3835 693 3918 conjuge
707 3841 746 3898 et
759 3828 840 3894 omni
852 3827 1008 3892 liberorum
1021 3831 1125 3908 stirpe,
