2634 4392
88 293 97 358 31
181 241 244 332 im
467 254 476 262 '
511 237 519 252 '
599 258 769 330 ms'rvn

180 428 294 492 bellum
308 433 442 490 coortos:
467 432 557 507 caput
569 445 676 488 rerum
691 425 827 487 Antiates
838 423 923 487 esse:
947 422 1056 484 aarum
1068 418 1176 506 legatos
1227 416 1229 497 ξ

181 511 338 590 utriusque
362 507 460 588 gentis
474 507 597 589 populos
612 505 793 574 circumisse,
817 504 999 585 castigantes
1021 504 1177 584 ignaviam,
1227 520 1229 523 ·

181 589 272 670 quod,
293 587 387 648 abditi
400 586 479 647 intra
494 605 602 654 muros,
620 585 846 666 populabundos
859 585 891 643 in
910 583 989 664 agris
1003 584 1108 665 vagari
1121 586 1175 644 Ro·

180 687 284 731 manos
298 668 396 748 priore
410 687 497 736 anso,
511 673 542 728 et
555 664 682 757 opprimi
702 665 876 746 Verruginis
888 662 1078 744 praesidium,
1102 664 1177 744 passi

179 753 302 817 essenti
331 749 396 828 jam
423 766 483 807 non
510 751 658 806 exercrtus
689 744 780 804 modb
805 753 943 811 armatos,
968 744 1021 802 sed
1049 743 1175 804 colonias

180 828 270 888 ctiam
291 827 324 886 in
338 835 406 886 suas
419 826 495 886 fines
514 825 612 885 mittis
632 824 781 915 nosipsos
794 824 883 884 modo
896 825 1048 884 &manos
1063 842 1120 884 sua
1133 824 1175 882 di·
1227 900 1229 909 Ι

178 907 374 984 visahabere,
396 906 449 965 sed
463 904 658 984 Ferentinum
681 909 771 964 ettam
786 902 823 963 de
844 923 876 962 se
890 911 1012 983 captum
1037 901 1175 964 Hernicis
1227 968 1229 973 ,

179 987 320 1048 donasse.
361 986 411 1045 Ad
425 985 490 1046 haec
505 987 597 1064 quum
607 983 862 1043 inflammarentur
875 983 976 1051 animi,
990 989 1025 1042 nt
1034 983 1174 1060 ad'quos·
1227 994 1229 1053 !

179 1086 239 1148 que
254 1071 375 1126 ventum
397 1071 471 1134 erat,
497 1081 638 1124 numerus
661 1061 814 1142 juniorum
839 1063 1089 1122 conscribebatur.
1131 1064 1174 1124 Ita
1227 1068 1229 1143 4

179 1144 312 1208 omniurn
325 1144 499 1225 populorum
516 1144 662 1223 juventus
676 1142 802 1201 Antium
825 1147 988 1213 contracta
1007 1141 1049 1202 ibi
1072 1144 1173 1207 castris

177 1226 284 1308 positis
311 1225 424 1285 hostem
446 1223 685 1304 opperiebantur.
735 1222 812 1295 Quae
836 1222 1039 1283 usitamus
1067 1228 1173 1306 majore
1227 1280 1229 1307 Ι

179 1305 280 1376 etlam,
294 1306 385 1384 qualm
410 1323 459 1362 res
474 1309 546 1370 erat,
568 1300 898 1370 nunciantur-Romam,
919 1308 1043 1362 senatus
1063 1311 1172 1365 extem-

176 1387 229 1466 plo
251 1385 342 1466 (quod
356 1383 388 1442 in
401 1383 488 1442 rebus
502 1379 626 1462 trepidis
650 1380 791 1440 ultimum
810 1381 968 1442 consilium
981 1383 1063 1522 erat&
1082 1385 1172 1446 dicta·

176 1471 273 1526 torem
296 1462 358 1522 dici
373 1461 488 1542 jussit3
509 1477 599 1539 quam
620 1480 684 1520 rem
696 1462 775 1542 agre
788 1480 889 1540 passos
910 1462 1025 1522 Julium
1067 1465 1173 1525 orneli·

175 1564 287 1624 umque
300 1542 421 1611 seruum
442 1560 615 1622 magnoque
626 1541 788 1602 certamine
801 1541 968 1601 animorum
981 1563 1041 1602 rem
1053 1551 1172 1604 actam:

176 1641 269 1704 quum
294 1621 442 1704 primores
458 1621 591 1690 Petrum.
611 1620 813 1700 nequicquam
831 1621 1000 1702 conquesti·
1015 1640 1075 1682 non
1100 1643 1171 1684 esse

175 1705 209 1766 iu
238 1701 417 1766 auctoritate
443 1707 568 1773 senatus
591 1701 727 1762 tribunos
750 1700 888 1770 militum,
912 1701 1064 1781 postremi
1082 1701 1173 1764 etiam

175 1783 310 1847 tribunos
321 1781 419 1862 plebei
433 1781 628 1864 appellarent,
639 1787 670 1841 et
689 1778 860 1840 consulibus
879 1799 1001 1860 quoquo
1013 1783 1052 1841 ab
1066 1802 1101 1843 ea
1161 1816 1172 1829 ·

172 1855 287 1935 tteslata
308 1861 371 1921 vim
385 1879 476 1942 super
502 1859 556 1920 tali
574 1879 607 1919 re
619 1859 776 1919 inhibitam
788 1859 952 1921 referrent:
974 1861 1086 1924 tribuni
1113 1803 1171 1954 pli·

174 1943 233 2012 bei,
246 1941 313 2002 laeti
335 1939 486 2000 discordia
506 1940 638 2006 Petrum,
661 1937 737 1999 nihil
762 1957 829 1999 esse
841 1938 874 1998 in
895 1940 942 1999 his
963 1939 1069 2000 auxilii
1094 1943 1170 2002 dice·

172 2027 252 2092 rent,
265 2020 318 2102 qui
331 2039 391 2080 non
404 2019 596 2098 civium-nou
610 2016 741 2097 denique
751 2017 903 2079 hominum
916 2039 1040 2080 numero
1054 2030 1171 2094 essent3

175 2104 202 2163 si
228 2100 348 2182 quando
360 2098 522 2180 promiscui
535 2099 671 2166 honores,
695 2096 913 2160 communicata
932 2101 1108 2180 respublica
1126 2122 1169 2162 es·

174 2189 231 2252 set,
246 2187 309 2242 tum
324 2199 356 2263 se
369 2179 637 2247 animadversuros,
651 2191 772 2257 nequa,
786 2179 924 2259 superbia
933 2180 1167 2260 magistratuum,

171 2263 257 2324 irrita
276 2256 536 2338 senatusconsulta
547 2263 668 2328 essent3
693 2256 814 2317 interim
826 2257 954 2338 patricii,
968 2256 1060 2321 soluti
1073 2261 1168 2342 legum

173 2343 461 2424 magistratuumque
471 2337 664 2406 verecundia,
677 2355 730 2417 per
743 2357 777 2398 se
786 2357 904 2418 quoque
915 2337 1100 2402 tribuniciam
1114 2361 1169 2421 po-

173 2428 315 2483 testatem
326 2425 456 2502 agerent.

214 2501 314 2560 LVII.
352 2500 428 2560 Haec
455 2495 607 2559 contentio
632 2495 754 2560 minime
774 2497 882 2560 idoneo
901 2504 1047 2582 ternpore,
1079 2520 1168 2581 quum

168 2587 287 2642 tantum
298 2579 369 2639 belli
382 2580 413 2638 in
428 2579 563 2639 manibus
577 2585 667 2648 esset,
680 2585 880 2660 occupaverat
898 2581 1095 2661 cogitationes
1114 2582 1165 2642 lm·
1227 2578 1229 2691 l

171 2661 307 2720 minum:
345 2659 451 2727 donec,
489 2658 539 2718 ubi
567 2658 618 2718 diu
651 2656 774 2739 alteruis
804 2660 903 2719 Julius
942 2659 1168 2740 Corneliusque,
1227 2694 1229 2717 ;

171 2751 191 2784 ·“
201 2757 293 2818 quum
307 2736 343 2798 ad
358 2737 390 2796 id
412 2737 524 2798 bellurn
536 2736 595 2818 ipsi
609 2736 682 2797 satis
695 2736 795 2798 idonei
808 2738 902 2799 duces
916 2747 1026 2810 essent,
1049 2762 1109 2802 uon
1122 2761 1166 2800 ea-

171 2838 205 2880 se
219 2835 347 2897 aequum,
365 2816 538 2878 mandatum
560 2815 649 2876 sibial
669 2817 779 2898 populo
792 2818 866 2899 eripi
879 2819 1056 2890 honorem,”
1076 2820 1167 2880 disse-

169 2915 277 2969 ruere3
297 2903 362 2957 tum
389 2895 487 2957 Ahala
508 2887 654 2958 Servilius
667 2896 810 2964 tribunus
827 2895 967 2967 militum,
993 2911 1012 2938 “
1024 2899 1168 2961 Tacuisse
1227 2932 1229 2987 q

170 2998 204 3040 se
231 2977 377 3047 tamdiu?
404 2976 456 3047 ait,
480 2987 497 3012 “
511 2995 572 3038 non
598 2976 671 3058 quia
697 2977 832 3040 incertus
862 2978 1023 3040 sententiae
1057 2979 1169 3048 merim
1227 2998 1229 3029 ι

170 3059 272 3140 (quem
287 3058 366 3120 enim
381 3060 492 3117 bonum
515 3057 613 3118 civem
637 3077 795 3119 secernere
821 3077 876 3117 sua
889 3058 907 3117 ai
921 3059 1049 3138 publicis
1069 3063 1167 3122 conso

169 3139 246 3220 liei)
272 3139 325 3200 sed
348 3137 420 3216 quia
443 3137 590 3208 maluerit,
610 3137 741 3216 collegas
754 3143 810 3197 sua
830 3136 939 3216 'sponte
963 3140 1075 3200 cedere
1098 3159 1169 3201 auc·

167 3218 282 3278 toritati
297 3222 428 3286 cenatus,
454 3217 545 3294 quam
571 3215 952 3297 tribuniciam-potestatem
975 3217 1125 3280 adversus
1138 3237 1169 3278 se

166 3297 321 3377 implorari
333 3301 516 3377 paterentur.
547 3295 637 3354 „Tum
652 3315 781 3386 quoque,
807 3295 835 3355 si
857 3316 908 3356 res
927 3297 1049 3368 sineret,
1073 3297 1170 3362 liben-

166 3381 216 3436 ter
235 3377 421 3437 sedatorum
442 3382 560 3455 tempus
574 3373 611 3434 iis
625 3373 719 3434 fuisse
740 3375 779 3434 ad
791 3381 946 3456 receptum
959 3377 1048 3438 nimis
1073 3375 1168 3460 perti·

167 3457 252 3517 nauis
280 3456 438 3520 sententiae
454 3475 467 3526 'r
491 3455 553 3524 sed,
568 3473 671 3546 quum
684 3455 757 3514 belli
769 3455 965 3517 necessitates
983 3477 1044 3520 non
1058 3477 1171 3541 expec-

166 3542 234 3596 tent
246 3537 376 3602 hnmana
389 3534 524 3603 consilia,
543 3541 687 3616 potiorem
714 3533 769 3594 sibi
782 3535 963 3618 collegarum
976 3539 1075 3620 gratia
1091 3557 1172 3600 rem⁶

164 3615 314 3694 publicam
329 3615 411 3674 fore:
438 3620 478 3682 et,
499 3614 525 3672 si
539 3621 658 3673 maneat
676 3613 708 3672 in
722 3613 871 3676 sententia
882 3624 1014 3687 senatus.
1035 3617 1171 3678 dictato·

140 3717 145 3725 ’
167 3713 230 3753 rem
246 3701 334 3752 nocte
347 3691 481 3774 proxima
496 3693 645 3752 dicturum
659 3713 669 3755 s
687 3713 734 3763 ac,
758 3694 783 3752 si
796 3693 863 3772 quis
886 3696 1056 3757 intercedat
1078 3717 1171 3758 sena·

165 3773 363 3840 tusconsulto,
393 3771 577 3832 auctoritate
599 3791 630 3830 se
660 3773 724 3832 fore
750 3777 955 3833 contentum.”
995 3777 1062 3849 Quo
1088 3777 1173 3837 facte

164 3863 256 3921 quum
269 3851 348 3910 haud
361 3851 538 3914 immeritam
550 3849 672 3914 laudem
684 3853 868 3935 gratiamque
891 3855 972 3936 apud
985 3873 1093 3918 omnes
1111 3863 1171 3918 'tu-
1227 3896 1229 3901 ·
