2634 4392
400 344 404 348 ⁸
546 244 757 358 ‘arunas
894 255 896 264 ’
1032 217 1166 336 ‘roa

143 485 146 489 .
168 454 207 495 ne
219 432 347 513 nuncius
360 422 482 514 quidem
495 430 734 514 cladisrelictus3
774 429 921 502 Dictator,
942 436 1171 514 recuperatam
1220 415 1221 494 J

168 514 300 579 tostinus
313 513 420 596 patrib,
447 511 632 603 triumphans
650 509 683 570 in
698 512 800 592 urbem
814 510 914 571 redit:
934 511 1072 593 interque
1087 513 1173 590 jocos
1207 533 1221 582 ἢ

168 595 321 665 militares,
335 612 411 674 quos
423 591 592 652 inconditos
601 590 729 672 jaciunt,
744 591 889 652 Romulus
902 587 941 652 ac'
950 589 1171 674 parensputriae
1220 645 1221 648 ,

168 674 364 766 conditorque
377 673 454 733 aiter
467 666 548 734 urbis
561 671 641 732 baud
655 671 740 732 uanis
749 671 892 736 ,laudibus
907 669 1082 754 appellatur.
1104 671 1174 730 Ser·

167 760 267 815 ratam
277 754 387 815 derude
401 751 480 815 bello
504 751 631 836 patriam
644 751 754 812 iterum
768 751 799 810 in
820 768 895 832 pace
908 750 987 810 haud
1002 748 1173 832 dubiaser·

166 834 259 903 uerit,
272 830 525 915 quamprobibuit
535 831 654 919 migrari
667 832 768 913 Vejos,
790 838 821 891 et
833 830 960 890 tribunis
973 849 1035 890 rem
1049 829 1174 890 intenti·

167 916 205 974 ds
219 914 375 994 egentibus
388 918 457 993 post
468 911 623 986 incensam
638 911 751 980 urbem,
778 917 810 970 et
821 931 875 990 per
898 930 930 970 se
943 908 1087 970 inclinata
1110 929 1175 970 ma·
1220 955 1221 958 ,

167 994 213 1076 gis
232 995 320 1074 plebe
333 993 373 1053 ad
392 991 423 1051 id
438 990 595 1053 consilium
610 1004 628 1061 ;'
640 993 736 1070 eaque
750 1009 840 1050 causa
854 989 913 1052 fuit
925 1009 984 1050 nou
997 989 1173 1051 abdicandae

118 1093 123 1100 ’
165 1080 237 1163 post
249 1073 430 1154 triumphum
443 1071 612 1143 dictaturae,
627 1075 733 1130 senatu
747 1072 930 1141 obsecrante,
954 1088 992 1128 ne
1013 1067 1174 1150 rempubli-
1220 1083 1221 1128 ;

166 1153 405 1225 camin-incerto
418 1151 602 1231 relinqueret
615 1155 706 1210 statu.
731 1153 733 1160 ’
1149 1183 1155 1194 -

205 1235 244 1297 L,
264 1233 411 1297 Omnium·
430 1231 569 1311 primum,
592 1235 627 1288 ut
647 1235 713 1289 erat
732 1229 977 1310 diligentissimus
997 1229 1173 1312 religionum

166 1310 350 1392 cultumque
364 1311 404 1372 ad
418 1313 498 1370 Deos
514 1309 702 1383 ,immortales
717 1311 914 1388 pertinebant,
935 1304 1056 1379 retulit;
1078 1315 1108 1369 et
1128 1329 1174 1369 se·
1220 1319 1221 1322 ’

164 1391 428 1455 natusconsuitum
441 1388 525 1456 facit,
537 1400 555 1425 ‘⁴
565 1390 646 1448 rana
660 1387 767 1458 omnia,
778 1389 860 1467 qubd
874 1409 910 1448 ea
923 1389 1016 1448 bostis
1025 1388 1174 1470 possedis-

165 1477 223 1542 set,
236 1465 726 1536 restituerentur,terminarentur,
749 1467 1010 1548 expiarenturque,
1030 1465 1175 1550 expiatio·
1215 1519 1217 1528 .

165 1571 226 1632 que
248 1571 349 1613 eorum
372 1548 404 1610 iu
417 1547 500 1607 libris
513 1566 568 1628 per
581 1546 755 1626 duumviros
768 1556 962 1626 quaereretua
994 1547 1082 1610 'Cum
1103 1549 1174 1625 Gae·
1220 1551 1221 1562 *

165 1632 280 1692 retibus
300 1628 463 1709 hospitium
483 1625 600 1707 publice
614 1627 710 1696 fieret,
737 1623 819 1705 qubd
832 1647 917 1688 sacra
930 1628 1032 1709 populi
1046 1629 1174 1690 Romani

165 1730 206 1772 ao
229 1707 401 1774 sacerdotes
414 1707 609 1787 recepissent,
630 1705 834 1784 beneficioque
846 1709 912 1786 ejus
927 1703 1032 1789 populi
1048 1728 1108 1768 uon
1128 1709 1175 1768 sn·

164 1790 324 1852 termissus
345 1788 439 1848 honos
470 1787 569 1847 Deum
594 1784 805 1856 immortalium
838 1786 1025 1848 essetz'ludi
1049 1787 1176 1870 Capito·

165 1869 223 1930 lini
249 1864 367 1939 fierent,
393 1861 474 1947 quod
500 1865 619 1947 Jupiter
642 1865 771 1946 optimus
798 1864 944 1930 maximus
967 1882 1051 1928 suam
1072 1869 1175 1929 sedeur

164 1951 259 2028 atque
271 1968 371 2011 arcem
421 1945 484 2027 puli
495 1945 622 2008 Romani
634 1946 667 2006 in
680 1967 713 2006 re
726 1945 844 2027 trepida
858 1951 973 2007 tutatus
990 1955 1070 2010 asset
1083 1968 1091 2008 ι
1112 1948 1175 2010 col·

163 2029 337 2110 legiumque
356 2044 379 2086 'a
413 2026 479 2086 eam
490 2046 556 2086 rem
580 2024 627 2086 M.
639 2025 749 2086 Furius
774 2025 902 2087 dictator
916 2027 1111 2090 constitueret
1137 2049 1175 2089 ex

163 2108 212 2178 iis,
226 2107 278 2188 qui
292 2107 323 2166 in
338 2105 487 2186 Capitolio
500 2115 591 2187 atque
602 2126 672 2166 arce
686 2105 885 2169 habitarent.”
898 2107 1071 2188 ‘Expiaudoe
1083 2107 1175 2170 etiam

163 2188 250 2248 vocis
276 2191 445 2262 nocturnae,-
468 2205 536 2265 quae
561 2183 672 2246 nuncia
695 2185 789 2247 cladis
814 2191 885 2246 ante
898 2187 1010 2246 bellum
1024 2187 1175 2250 Gallicum

163 2266 270 2328 audita
293 2287 331 2326 ne
350 2266 492 2357 lectaque
517 2270 606 2336 esset,
639 2265 763 2328 mentio,
786 2263 881 2334 illata,
896 2267 1076 2347 jussumque
1097 2276 1175 2328 tem·

161 2348 249 2430 plum
262 2346 294 2406 in
309 2287 398 2432 Nirea
421 2364 470 2407 vua
490 2344 549 2426 Ajo
564 2340 690 2407 Locutio
715 2343 801 2405 fieri„
830 2343 956 2416 Aurum,
980 2347 1061 2427 quod
1076 2348 1174 2410 Gallis

163 2426 303 2508 eieptum
317 2431 391 2494 erat,
417 2424 497 2504 quod
520 2445 558 2485 ue
578 2445 617 2485 ex
630 2425 697 2492 aliis
711 2423 831 2505 templis
854 2425 934 2484 inter
947 2425 1175 2508 trepidationem

162 2505 197 2566 in
226 2505 308 2566 Jovis
321 2582 324 2589 γ
335 2505 444 2574 ceilam
463 2503 508 2567 col
540 2506 625 2574 turn,
638 2499 740 2584 quum,
764 2505 796 2564 in
810 2523 878 2584 quaa
887 2501 998 2566 referri
1013 2514 1174 2588 oporteret,

164 2584 293 2646 contusa
306 2583 449 2644 memoria
462 2590 551 2653 esset,
565 2603 683 2644 sacrum
696 2603 784 2644 omne
793 2582 963 2664 judicatum
977 2593 1010 2650 et
1022 2590 1076 2648 sub
1092 2587 1175 2650 iovis

163 2665 244 2726 sella
256 2664 324 2745 poni
339 2666 469 2744 jussum.
509 2665 576 2724 Jam
600 2665 670 2724 aute
684 2661 715 2724 in
729 2683 764 2744 eo
778 2661 881 2745 religio
903 2663 1032 2728 civitatis
1046 2687 1175 2750 apparu·

162 2751 241 2815 erat,
255 2745 346 2824 qubd,
360 2764 453 2823 quum
473 2743 637 2825 infpubiico
651 2743 771 2804 deesset
791 2763 905 2814 aurum,
929 2765 967 2804 ex
979 2765 1040 2826 quo
1059 2767 1175 2811 summa

162 2832 262 2907 pactae
276 2823 425 2889 mercedis
435 2823 533 2882 Gallis
544 2825 698 2893 confieret,
718 2823 896 2899 ‘atnatronis
920 2823 1063 2888 collatum
1087 2849 1174 2890 acce-

205 2909 284 2972 raut,
296 2908 332 2962 ut
351 2921 436 2961 sacro
449 2917 521 2962 auro
533 2903 745 2966 abstineretur.
785 2902 933 2964 Matronis
958 2905 1063 2986 grutiae
1085 2915 1174 2980 actae,

186 3003 319 3064 cumque
332 2978 464 3050 additus,
482 2988 516 3041 ut
529 2994 639 3050 earum,
664 2979 742 3042 sicut
753 2981 891 3051 virorum,
904 2991 1112 3062 postmortem
1126 3009 1174 3052 so·

164 3063 267 3126 lenuis
281 3060 413 3135 laudatio
427 3066 516 3120 esset.
536 3061 578 3121 lis
592 3062 734 3142 peractis,
746 3059 818 3141 quoa
829 3062 867 3124 ad
882 3063 962 3146 Deos
975 3065 1174 3148 pertinebant,

165 3140 297 3222 quaeque
308 3163 361 3224 per
371 3146 509 3202 senatum
523 3140 570 3234 agi
582 3148 719 3222 poterant
732 3156 750 3212 ;'
762 3149 825 3218 tum
839 3139 969 3214 demum,
995 3139 1174 3228 agitantibus

164 3222 294 3283 tribunis
307 3223 424 3304 plebem
438 3221 568 3282 assiduis
587 3217 789 3290 concionibus,
807 3228 855 3291 ur,
876 3221 989 3286 relictis
1011 3228 1114 3298 ruinis,
1141 3227 1173 3289 iu

164 3303 269 3370 urberu
279 3307 412 3384 paratam
427 3301 523 3381 Vejos
532 3301 827 3382 transmigrarent,'in
840 3303 1022 3375 concionem,
1033 3303 1173 3369 universo

162 3388 273 3442 senatu
287 3384 496 3462 prosequente,
509 3380 646 3440 escendit
659 3389 750 3460 atque
763 3380 807 3442 ita
820 3385 909 3444 verba
922 3383 996 3446 fecit
1010 3408 1018 3446 z
1035 3389 1038 3394 ’

207 3461 263 3535 LI,
282 3461 398 3520 “Adeo
411 3460 484 3520 mihi
497 3463 612 3522 acerba
631 3467 712 3535 sunt,
727 3459 867 3534 Quirites,
883 3465 1089 3526 contentiones
1104 3489 1173 3534 cum

161 3539 294 3602 tribunis
308 3539 413 3620 piebis,
424 3544 460 3600 ut
473 3559 529 3600 nec
543 3538 706 3602 'tristissimi
720 3540 821 3612 exsilii
831 3541 1066 3606 solutium'rdiud
1080 3545 1172 3609 habu-

164 3619 250 3689 erim,
263 3619 364 3698 quoad
384 3619 496 3678 Ardeae
510 3619 581 3688 vixi,
600 3620 691 3698 quim
705 3619 787 3699 quod
808 3623 909 3700 procui
924 3625 960 3684 ab
974 3623 1019 3684 his
1034 3630 1173 3688 certami·
1204 3631 1209 3642 '

161 3700 252 3779 uibus
278 3719 359 3761 eram
372 3702 390 3756 ε’
413 3706 444 3759 et
465 3701 502 3758 ob
521 3697 624 3759 eadem
651 3698 742 3769 hare„
760 3719 829 3770 uon,
860 3701 885 3761 si
906 3723 953 3762 me
979 3710 1173 3768 senatuscon·
1220 3749 1221 3756 κ

164 3776 246 3840 salto
259 3778 516 3861 populiquejussu
531 3779 719 3847 revocaretis,
746 3780 897 3860 rediturus
910 3771 1042 3863 unquam
1056 3785 1172 3852 fuerim.
1212 3821 1215 3828 ·

162 3858 233 3919 Nec
247 3880 327 3920 nunc
339 3879 396 3926 me,
409 3866 443 3918 ut
456 3857 592 3928 redirem,
618 3857 837 3937 mea'roluntas
852 3867 974 3933 mutata,
998 3865 1052 3926 sed
1072 3875 1173 3930 restra
1220 3907 1221 3916 2

164 3939 286 4002 fortuna
298 3938 429 4022 perpulit
442 3958 452 4009 ;
463 3937 591 4029 quippe,
611 3939 692 4000 utin
705 3957 760 4000 sua
774 3937 845 4015 sede
856 3949 994 4006 maneret
1007 3947 1113 4028 patria,
1139 3948 1170 4008 id
1220 3993 1221 3998 η
