2634 4392
176 309 216 364 is
396 265 402 273 “
593 306 633 393 r.
652 305 761 368 mvn
849 310 851 314 ’

175 461 374 556 Tarquinium
400 461 610 526 salutandumr
643 467 706 546 qui,
733 465 852 528 silentio
881 465 972 536 iacto,
996 467 1129 530 monitus
1157 469 1177 528 d

175 543 325 626 proximis,
341 549 376 603 ut
388 552 530 628 purgaret
541 565 584 616 se,
607 548 688 626 quod
701 546 735 606 id
745 545 888 628 temporis
908 545 1049 617 venisset,
1076 548 1175 608 “Dis-

174 625 388 704 ceptutorem,”
412 625 464 694 ait,
487 635 506 663 ‘⁶
515 636 546 685 se
561 636 712 708 sumptum
724 626 804 688 inter
817 633 931 708 patrem
943 633 976 687 et
989 626 1101 698 tilium3
1121 647 1176 686 cu-

173 710 208 764 rt
222 703 434 770 reconciliandi
455 725 506 766 eos
519 704 551 766 in
571 706 697 787 gratiam
710 711 858 768 moratum
870 726 957 778 esse3
990 713 1030 776 et,
1044 708 1116 787 quia
1140 726 1178 767 ea

172 803 222 844 res
235 784 393 844 exemisset
406 783 490 844 iilum
505 784 594 856 diem,
607 794 725 868 postero
747 786 797 847 die
811 792 959 854 acturum,
979 806 1047 866 quae
1062 786 1177 848 consti-

172 863 310 924 tuisset''
352 863 401 924 Ne
420 864 452 924 id
472 865 595 946 quidem
603 869 644 929 ab
657 867 764 926 Turno
784 866 891 928 tulisse
912 866 1036 927 tacitum
1056 867 1177 936 feront;
1231 866 1232 873 ’

171 941 285 1004 dixisse
298 944 387 1014 enim,
408 945 563 1006 “Nullam
586 946 751 1008 breviorem
776 965 842 1007 esse
863 944 1178 1028 cognitionemqmim

172 1022 378 1104 interpatrem
392 1030 423 1084 et
446 1024 550 1094 filium,
563 1026 727 1118 paucisque
740 1026 864 1108 transigi
885 1025 983 1087 verbis
1005 1044 1112 1106 posse3
1142 1023 1177 1085 ni

172 1111 276 1184 pareat
328 1103 376 1173 tri,
390 1103 559 1166 habiturum
568 1105 767 1166 infortunium
776 1107 877 1168 esse·”

212 1182 267 1242 Ll.
323 1205 366 1244 aec
380 1183 522 1246 Aricinus
534 1184 595 1246 inr
632 1206 679 1245 em
692 1187 861 1246 Romanum
872 1184 1031 1266 increpans
1044 1203 1083 1244 cx
1100 1203 1174 1244 con·

173 1260 242 1322 cilio
266 1262 348 1324 abiit.
387 1264 485 1337 Quam
508 1285 569 1327 rem
621 1263 775 1344 arquinios
798 1265 960 1345 aliquanto,
984 1263 1075 1343 quim
1089 1262 1175 1324 vide-

171 1343 268 1413 batur,
281 1343 388 1424 aegrius
412 1343 521 1413 ferens,
536 1344 694 1404 confestim
707 1344 812 1406 Turno
835 1365 941 1406 necem
964 1343 1175 1414 machinator;
1229 1416 1233 1427 .

171 1429 205 1482 ut
218 1423 347 1484 eundem
370 1430 594 1504 terroremque
618 1425 728 1486 civium
739 1425 855 1488 animos
875 1423 956 1486 domi
977 1430 1174 1504 oppresserat,

171 1501 290 1564 Latinis
311 1503 466 1582 injiceret3
499 1509 531 1564 et
554 1504 688 1584 quiapro
711 1504 834 1589 imperio
857 1506 955 1586 palam
968 1502 1098 1564 interfici
1111 1522 1174 1562 non

169 1589 296 1662 poterat,
309 1582 496 1644 oblatofaiso
519 1583 642 1644 crimine
666 1585 815 1660 insontem
836 1583 994 1667 oppressit.
1033 1582 1093 1642 Per
1116 1583 1173 1642 ad·

170 1681 266 1724 versae
291 1661 432 1722 factionis
443 1664 589 1742 quosdam
604 1664 743 1726 Aricinos
757 1685 875 1726 servum
899 1662 1083 1723 Turniauro
1103 1681 1171 1722 cor·
1231 1672 1232 1675 ’

170 1741 260 1821 rupit,
276 1748 311 1802 ut
323 1742 355 1802 in
369 1743 564 1806 diversorium
587 1747 652 1824 ejus
664 1745 727 1805 vira
740 1766 878 1826 magnam
889 1743 1055 1826 gladiorum
1066 1739 1174 1801 inferri

170 1821 249 1882 clam
263 1823 390 1894 sineret3
421 1843 457 1884 ea
470 1845 563 1903 quum
576 1845 636 1890 una
649 1835 737 1884 nocte
749 1825 883 1905 perfecta
896 1831 1005 1890 emant,
1019 1821 1172 1900 Tarquin-

169 1899 225 1968 ius,
240 1901 328 1992 pauli
342 1911 412 1964 ante
426 1902 524 1964 locem
538 1903 642 1964 accitis
664 1904 702 1964 ad
722 1923 756 1962 se
776 1903 957 1983 principibus
981 1900 1172 1971 Latinorum.

170 1999 256 2120 ppasr
270 2001 301 2040 re
316 1989 392 2042 novt
407 1987 605 2063 perturbatos,
629 1993 646 2019 “
656 2001 767 2042 moram
780 2001 864 2041 suam
887 1981 1067 2047 hesternam,
1085 1981 1172 2041 velot

201 2080 300 2128 eorum
312 2061 443 2140 quisdam
454 2061 640 2142 providentie
654 2061 802 2130 illatum,''
811 2061 862 2129 ait,
876 2071 893 2096 “
904 2059 993 2118 satuti
1008 2059 1064 2120 sibi
1078 2067 1170 2139 atque
1212 2114 1217 2122 .

162 2139 230 2200 illis
240 2139 352 2212 fnisse3
386 2144 422 2202 ab
436 2142 539 2201 Turno
553 2140 614 2201 dici
628 2140 683 2202 sibi
696 2146 728 2202 ct
739 2140 914 2222 primoribus
929 2139 1103 2218 populorum
1118 2159 1170 2220 pa-

169 2217 229 2281 rari
246 2239 359 2289 necem,
380 2229 414 2280 ot
428 2221 603 2284 Latinorum
617 2221 699 2280 sciris
719 2221 875 2312 imperium
887 2226 998 2279 teneat.
1039 2220 1171 2300 Aggres·

169 2318 271 2360 surum
292 2299 384 2360 fuisse
404 2299 543 2362 hesterno
563 2301 612 2360 die
631 2300 664 2358 in
688 2300 815 2359 concilio
826 2321 836 2371 ς
869 2299 992 2358 dilatam
1007 2317 1069 2356 rem
1094 2318 1169 2367 esse,
1230 2308 1231 2371 t

191 2380 250 2438 uid
264 2386 369 2440 auctor
382 2379 500 2438 concilii
515 2377 651 2445 abfuerit,
675 2396 764 2455 quem
778 2376 904 2437 maxime
926 2382 1052 2456 peteret.
1092 2378 1170 2438 Inde
1230 2378 1231 2463 i

168 2400 251 2518 iilam
278 2458 408 2518 absentis
435 2457 662 2516 insectationem
690 2477 757 2518 esse
781 2463 891 2526 natam,
941 2456 1000 2514 ned
1028 2457 1169 2517 morando
1230 2470 1231 2475 ’

169 2557 251 2616 spem
265 2537 443 2598 destituerit.
485 2536 554 2596 Noa
573 2536 718 2604 dubitare,
742 2537 767 2595 si
791 2557 861 2597 vera
882 2477 1066 2606 deierantur,
1092 2537 1167 2615 quin

168 2617 264 2698 prime
289 2618 365 2686 luce,
389 2615 439 2674 uhi
460 2621 580 2676 veritum
603 2616 632 2676 in
657 2616 815 2676 concilium
839 2617 887 2686 sit,
910 2618 1074 2677 instructus
1099 2637 1169 2676 cum

140 2757 143 2764 ,
169 2699 388 2776 conjuratorum
403 2715 492 2756 manu
502 2702 697 2774 ¹armatusque
710 2704 853 2756 venturus
872 2698 919 2757 sit.
961 2696 1039 2766 Dici,
1054 2695 1168 2775 gladio-

168 2797 235 2836 rum
246 2777 395 2857 ingontem
410 2796 563 2836 numerum
576 2795 641 2836 csse
655 2777 694 2834 ad
708 2797 776 2834 eom
790 2786 965 2836 consectum
973 2798 982 2846 ;
1012 2776 1043 2834 id
1058 2795 1168 2835 vanum

168 2876 264 2916 necne
279 2857 327 2923 sit,
339 2857 487 2933 extemplo
512 2855 581 2915 sciri
596 2877 691 2936 posse.
733 2857 849 2937 Rogare
862 2878 921 2924 eos,
936 2856 1052 2915 atinde
1067 2875 1168 2914 secum

168 2937 206 2996 ad
229 2937 366 2998 Turnum
389 2934 540 2996 veniant”
583 2937 760 3015 Suspectum
784 2937 857 2996 fecit
876 2957 940 2996 rom
961 2944 992 2995 et
1014 2935 1168 3016 ingenium
1229 3004 1230 3015 χ

168 3015 267 3076 Turni
280 3015 373 3085 ferox,
387 3021 418 3076 et
430 3017 523 3076 oratio
545 3015 693 3084 hesterno,
716 3026 747 3076 et
770 3037 852 3076 mora
874 3015 1050 3091 Tarquinii;
1085 3015 1167 3091 qu⁸d
1229 3036 1231 3098 j

168 3096 374 3157 videbaturob
388 3116 452 3155 eum
467 3095 579 3155 differri
604 3097 705 3156 cordes
729 3096 869 3174 potuisse.
909 3096 990 3150 Eunt
1014 3091 1167 3154 inclinatis
1229 3106 1231 3163 t

168 3176 289 3255 quidem
303 3177 341 3236 ad
356 3176 538 3236 credendum
552 3176 669 3244 animis,
683 3182 790 3241 tamon,
803 3174 861 3232 nisi
879 3171 985 3251 gladiis
1000 3168 1183 3250 depretiem·
1229 3167 1231 3181 ’

167 3257 218 3324 sis,
232 3265 343 3316 caetcra
356 3277 434 3316 vana
443 3255 661 3316 existimaturi·
691 3254 749 3312 Ubi
764 3258 810 3312 ost
823 3252 859 3311 ci)
873 3257 1003 3319 ventum,
1027 3252 1168 3314 Turnum

168 3355 206 3396 cx
217 3356 320 3396 somno
330 3337 492 3397 excitatum
506 3333 728 3394 circumsistunt
741 3333 899 3392 custodcsc
930 3332 1167 3410 comprehensis·

167 3435 226 3495 que
240 3415 343 3485 servis,
356 3417 408 3496 qui
423 3416 547 3476 caritate
572 3413 684 3472 domini
707 3412 768 3475 vim
789 3415 940 3492 parabant,
961 3432 1053 3489 quum
1074 3412 1168 3493 gladii
1228 3474 1229 3479 χ

166 3495 259 3556 abditi
274 3515 311 3556 ex
323 3496 456 3554 omnibus
471 3495 543 3556 locis
554 3494 731 3555 deverticuli
743 3494 1002 3572 protraherentur3
1033 3493 1167 3553 enimve-
1184 3500 1191 3506 '
1228 3500 1229 3563 t

167 3596 201 3636 ro
215 3575 431 3636 manifestares
444 3574 517 3642 visa,
529 3575 709 3654 injectaque
721 3574 825 3632 Turno
839 3582 974 3641 catenae3
1003 3580 1034 3632 et
1047 3571 1165 3630 confes·

166 3656 222 3716 tim
246 3655 421 3716 Latinorum
443 3653 601 3714 concilium
621 3673 728 3734 magno
751 3674 821 3712 cum
842 3653 970 3712 turnuito
994 3651 1166 3712 advocatur.

167 3737 215 3796 Ibi
228 3743 290 3796 tam
314 3743 398 3796 atrox
420 3733 532 3795 invidia
554 3743 618 3794 orta
639 3744 694 3802 est,
707 3732 814 3814 gladiis
828 3733 859 3791 in
882 3733 981 3792 rnedio
995 3729 1107 3810 positis,
1117 3738 1167 3800 ut,

168 3815 284 3878 indicte
308 3822 409 3886 ceusu.
422 3833 617 3896 novegenere
636 3813 719 3886 lethi,
739 3813 873 3896 dejectus
897 3813 936 3876 ad
961 3815 1051 3894 caput
1073 3830 1164 3891 uquae
