2634 4392
94 277 95 292 '
194 311 253 366 aar
611 299 650 360 Τ.
669 251 780 385 nturi
809 304 816 360 ρ

94 495 97 520 t
192 466 284 546 quam
295 458 493 542 Tempanium
506 457 892 520 meritislaudibnsfereno.
931 455 1059 523 Maestae
1073 461 1183 526 civitati

193 549 230 609 ab
244 565 276 606 rc
290 543 365 603 male
379 547 463 622 gesta
474 550 505 600 et
518 540 602 600 iratae
617 537 744 599 ducibus
763 539 811 598 M.
823 538 997 599 Postumius
1010 559 1081 602 reue
1095 546 1187 624 objec-

138 652 143 664 ·
190 631 249 693 tue,
269 623 322 701 qui
335 622 473 682 tribunus
493 619 619 699 militum
639 619 830 700 proconsule
851 618 889 679 ad
904 620 996 700 Vejos
1008 621 1120 693 fuerat,
1138 625 1187 687 de·

191 725 257 766 cem
268 703 398 763 millibus
408 701 475 762 aeris
485 698 584 780 gravio
598 699 766 760 damnatur.
805 699 845 758 T.
858 699 1035 773 Quinctium
1045 703 1187 786 collegam

189 789 264 853 o'us,
277 785 348 863 quia
369 789 400 841 et
413 780 445 858 ia
459 780 577 840 Volscis
591 779 695 840 consul
710 779 844 861 auspicio
865 779 1022 840 dictatorie
1044 781 1185 846 Postumii

188 807 326 934 'luberti
337 869 368 922 et
381 862 419 922 ad
435 860 561 920 Fidenas
575 860 692 940 legatus
712 859 868 920 dictatoris
881 857 1006 922 altenus
1021 862 1120 924 Mam.
1132 867 1184 926 Ε·

187 943 272 1013 milii,
293 964 341 1004 res
353 942 493 1021 prospere
505 945 648 1021 gesserat,
670 948 762 1000 totam
776 940 895 1020 culpam
915 943 981 1020 ejus
994 945 1140 1023 temporis
1157 945 1185 1007 in

187 1046 245 1106 pre
262 1025 435 1094 damnatum
451 1021 596 1102 collegam
609 1021 851 1088 transferentem,
866 1039 971 1081 omues
983 1022 1083 1083 tribue
1093 1027 1185 1086 absol·

186 1115 316 1176 verunt3
337 1100 482 1184 profuisse
496 1102 524 1160 ei
539 1101 714 1161 Cincinnati
728 1099 819 1180 patris
831 1100 975 1161 memoria
985 1098 1184 1176 dicitur,ven·

186 1185 305 1246 erabilis
327 1182 391 1249 viri,
412 1187 443 1242 et
463 1189 577 1242 exactae
595 1183 660 1262 jam
683 1180 781 1242 aetatis
802 1179 991 1263 Capitolinus
1015 1183 1183 1258 Quinctius,

185 1265 361 1346 suppliciter
381 1267 479 1328 orans,
499 1281 537 1320 ne
552 1281 593 1328 se,
615 1260 695 1320 brevi
709 1260 826 1340 reliquo
841 1261 911 1319 vitae
924 1261 1033 1341 spatio,
1042 1271 1109 1327 tam
1119 1267 1183 1326 tris·

184 1351 246 1406 tem
262 1343 403 1403 nuncium
415 1343 492 1401 ferre
506 1341 544 1400 ad
558 1339 774 1401 Cincinnatum
786 1347 970 1420 paterentur.

225 1425 325 1484 XLll.
346 1423 435 1482 Plebs
445 1420 580 1480 tribunos
594 1419 674 1502 plebi
683 1423 830 1490 absentes,
840 1422 909 1480 Sex.
923 1422 1136 1503 Tempanium,
1147 1427 1181 1486 A.

185 1503 307 1572 Sellurn,
329 1503 398 1560 Sex.
419 1498 595 1569 Antisti-um,
617 1507 646 1560 et
668 1502 718 1581 Sp.
732 1501 860 1569 loibum,
874 1501 1063 1582 feeinquos
1088 1513 1120 1566 et
1131 1527 1182 1587 pro

183 1582 404 1646 centurionibus
426 1580 481 1652 sibi
497 1581 704 1660 praefecerant,
724 1580 891 1658 Tempanio
904 1590 1038 1650 auctore,
1054 1594 1183 1664 equites.

183 1665 320 1731 Senatus,
340 1681 433 1741 quum
445 1661 512 1720 odio
534 1661 701 1740 Sempronii
717 1660 871 1721 consulare
884 1680 997 1722 nomen*
1009 1663 1181 1736 offenderet,

182 1744 316 1804 tribunos
342 1743 469 1802 rnilitum
491 1741 640 1800 consulari
661 1746 809 1820 potestate
830 1740 925 1800 creari
937 1739 1054 1820 ⁴jussit;
1090 1746 1179 1805 creati

181 1833 250 1884 sunt
265 1825 301 1880 L.
317 1821 453 1880 Manlius
467 1819 665 1898 Capitolinus,
683 1818 719 1891 Q.
735 1819 1058 1891 AntoniusMerenda,
1075 1825 1115 1884 L
1127 1826 1178 1885 Pu·

122 1954 126 1957 .
179 1902 273 1984 piriua
304 1901 501 1980 Mugillanus·
558 1897 705 1976 Principio
726 1899 827 1960 statim
848 1899 919 1959 anni
941 1901 975 1958 L.
996 1901 1178 1965 Hortensius
1221 1904 1223 1923 ³

178 1980 424 2060 tribunusplebis'
438 1979 473 2036 C.
488 1976 662 2060 Sempronio
677 1977 794 2037 consuli
813 1981 885 2038 anni
899 1978 1001 2059 prioris
1015 1980 1104 2042 diem
1119 1985 1177 2044 d'n·
1221 1990 1223 1997 '

177 2062 202 2122 it
214 2083 222 2132 ;
244 2059 333 2140 quern
347 2079 439 2136 quum
450 2065 579 2136 quatuor
588 2056 723 2138 collegae,
742 2056 932 2138 inspectante
943 2062 1056 2140 populo
1069 2063 1176 2125 Mmt-

177 2163 226 2212 no,
248 2145 375 2208 orarent,
397 2159 434 2198 ne
448 2139 656 2216 imperatorem
678 2157 765 2207 suum
785 2137 948 2209 innoxium,
968 2139 1000 2200 in
1020 2162 1086 2220 quo
1108 2143 1175 2204 nihil
1221 2150 1223 2215 ξ

176 2228 289 2302 praeter
302 2221 451 2298 fortunam
466 2215 642 2296 reprehendi
656 2224 766 2296 posset,
775 2252 777 2255 ·
786 2226 928 2288 vexaret3
951 2221 1032 2301 aegre
1045 2224 1174 2284 Horten·
1221 2242 1223 2275 ;

178 2301 240 2362 cius
254 2299 325 2382 pati,
337 2299 532 2358 tentationem
546 2317 612 2356 eam
627 2297 753 2356 credens
767 2301 1078 2377 essepereeverantiae
1092 2325 1177 2375 snae3

174 2403 232 2442 nec
247 2382 382 2464 precibus
403 2378 595 2445 tribunorum,
616 2397 683 2454 quar
699 2375 730 2434 in
750 2376 880 2456 speciem
900 2379 991 2441 modd
1009 2383 1174 2460 jactentur,
1221 2434 1223 2457 ,

175 2460 229 2522 sed
243 2459 352 2520 auxilio
366 2442 515 2516 confidere
527 2474 629 2524 reum;
649 2455 751 2534 itaque
765 2455 904 2516 modoad
918 2479 987 2519 eum
1001 2481 1176 2535 conversus,
1221 2474 1223 2503 ²

172 2553 194 2580 ‘t
202 2533 262 2599 Ubi
275 2539 320 2597 illi
334 2537 450 2617 patricii
471 2536 602 2617 spiritus,
617 2536 666 2596 ubi
680 2535 820 2596 subnisus
833 2542 866 2596 et
878 2537 974 2599 fidens
992 2541 1174 2606 innocentiae

173 2620 290 2682 animus
304 2625 384 2676 esset
395 2617 429 2674 i’⁷
451 2617 621 2694 quaerebat5
641 2628 660 2652 ‘¹
670 2619 724 2676 sub
742 2615 902 2676 tribunicia
913 2621 1019 2680 umbra
1033 2623 1173 2683 consula·

171 2721 235 2760 rem
249 2698 344 2756 virum
366 2696 520 2754 delituisse
530 2695 561 2765 5²⁹
581 2695 671 2753 modd
691 2695 730 2755 ad
744 2695 883 2777 collegas.
903 2707 921 2735 “
933 2699 995 2760 Vos
1014 2707 1129 2772 autern,
1148 2701 1175 2762 si

171 2800 254 2840 reum
269 2795 386 2867 perago,
408 2773 480 2854 quid
494 2772 592 2834 acturi
606 2772 700 2832 estis?
720 2793 759 2832 an
783 2779 915 2855 erepturi
933 2782 985 2860 jus
998 2783 1123 2862 populo,
1142 2789 1173 2842 et

170 2853 502 2921 eversuritrrbuniciam
524 2857 701 2932 potestatem
711 2853 746 2911 1'2’
767 2855 868 2927 Quum
880 2857 937 2930 illi,
949 2871 966 2896 “
978 2862 1062 2922 etde
1086 2864 1174 2924 Sem·

168 2937 316 3022 pronio'et
329 2935 368 2995 de
388 2933 522 2995 omnibus
543 2949 687 2992 summam
711 2934 814 3014 populi
840 2937 968 2998 Romani
988 2949 1172 3021 potestatem

102 3013 104 3020 ⁴
169 3021 268 3090 esse,’'
293 3016 437 3082 dicerent,
457 3025 542 3074 “nec
563 3011 714 3093 judicium
739 3014 842 3095 populi
868 3017 975 3078 tollere
1002 3038 1057 3081 aut
1080 3025 1171 3094 velle,

168 3106 220 3161 aut
235 3107 338 3190 posse}
360 3094 422 3163 sed,
445 3092 470 3154 si
483 3111 587 3174 preces
612 3112 675 3152 suae
691 3113 743 3173 pro
756 3093 943 3175 imperatore,
962 3100 1016 3178 qui
1037 3101 1096 3161 sibi
1117 3123 1173 3182 pa-

166 3184 260 3239 rentis
274 3186 354 3236 esset
365 3175 438 3244 loco,
460 3193 519 3232 non
532 3171 706 3240 valuissent,
721 3181 883 3236 serentem
904 3197 971 3238 cum
983 3200 1019 3239 eo
1034 3191 1171 3242 mutatu·
1221 3220 1223 3229 ι

164 3277 213 3320 ros
222 3260 253 3314 :'’
267 3267 329 3316 tum
346 3254 532 3321 Hortensitm,
545 3265 563 3290 ⁴⁶
577 3253 647 3312 Non
660 3251 919 3336 videbllss'llnquit,
933 3258 1045 3337 “plebs
1057 3261 1173 3322 Rom.
1221 3242 1223 3315 l

100 3410 104 3418 1
164 3359 204 3400 ua
229 3338 394 3396 sordidatos
421 3333 554 3392 tribunos
569 3351 646 3391 suos.
687 3331 723 3391 C.
734 3333 941 3414 Sempronium
954 3337 1029 3398 nihil
1057 3361 1173 3412 moror,
1221 3322 1223 3361 ¹

166 3418 285 3499 quaudo
306 3417 366 3475 bae
381 3423 428 3474 est
448 3413 479 3471 in
493 3411 615 3493 irnperio
637 3425 825 3482 consecutuS,
845 3421 881 3474 ut
903 3424 966 3478 tam
979 3439 1067 3480 carus
1081 3429 1173 3484 esset
1221 3372 1223 3475 l

162 3495 336 3558 militibus.'’
380 3495 446 3554 Nec
461 3493 554 3572 pietas
570 3500 698 3572 quatuor
710 3492 904 3564 tribunorum,
915 3492 1005 3576 quim
1029 3498 1174 3560 llortcn·
1221 3526 1223 3543 ¹

162 3577 198 3636 cii
213 3584 272 3635 tarn
284 3573 428 3652 placabile
440 3574 476 3632 ad
488 3573 587 3652 justas
601 3591 707 3651 preces
716 3572 877 3653 ingenium,
887 3577 1000 3654 pariter
1009 3578 1092 3658 plebi
1108 3583 1173 3642 Pa·
1221 3600 1223 3605 ·

159 3657 313 3731 tribusque
327 3652 436 3732 gratior
448 3652 512 3711 fuit.
555 3651 626 3710 Nan
641 3650 753 3711 diutius
767 3652 887 3714 fortuna
899 3657 1009 3735 AEquis
1022 3658 1173 3730 indulsit,

160 3735 210 3811 qui
236 3731 402 3809 arrrbiguam
421 3729 576 3790 victoriam
598 3731 773 3792 Volscorum
793 3752 846 3813 pro
867 3754 921 3794 aua
940 3736 1071 3816 amplexi
1096 3739 1174 3802 lue·
1221 3754 1223 3759 '

159 3819 314 3950 rmiliani.
334 3887 471 3948 Proximo
490 3906 570 3952 mue
590 3865 633 3949 N.
646 3863 748 3951 'Fabio
767 3888 924 3962 Vibulano.
945 3893 984 3954 T.
1003 3893 1173 3970 Quinctio,
