2634 4392
151 302 228 358 ars·
577 291 616 367 't-
629 292 737 360 Ltvtt

153 454 396 523 decernentibus,
409 452 521 516 tribuni
535 455 629 536 plebis
643 454 871 523 intercedebant
883 472 893 525 ς
904 450 969 514 sed
979 469 1017 514 ea
1028 456 1160 535 centen-

154 535 197 596 tio
225 555 262 595 ex
286 534 449 596 certamine
464 533 521 596 alio
535 536 709 616 pendebet3
728 536 896 615 quodcum
917 533 1086 606 incesserat
1098 533 1159 598 Pa·

154 622 227 684 tres,
251 633 289 674 ne
301 620 382 674 metu
398 614 598 693 quaestionum
612 616 698 695 plebs
711 615 815 695 iraque
826 615 962 674 tribunos
975 609 1107 672 militum
1120 631 1160 670 ex

154 694 241 774 plebe
256 700 391 754 crearet:
415 694 636 773 tendebantque
650 700 768 754 summit
780 714 845 774 ope,
871 700 907 752 nt
920 692 1061 753 consules
1074 711 1160 752 crea·

154 779 267 834 rentur.
316 773 414 846 Quum
436 775 728 835 senatusconsultum
754 774 822 835 iieri
847 771 958 835 tribuni
977 770 1076 835 plebis
1093 789 1157 830 non

151 857 340 932 peterentur,
366 851 457 913 iidem
476 851 700 914 intercederent
720 853 925 923 consularibus
947 849 1085 920 comitiis,
1110 867 1158 910 rea

153 931 193 992 ed
206 930 410 1012 interregnum
424 932 514 992 rediit
529 953 537 1003 ς
558 931 684 996 victorie
696 933 807 993 deinde
819 952 897 1013 pene
909 931 1016 991 Patres
1027 929 1098 990 fuit.

194 1011 249 1071 Ll.
269 1011 306 1084 Q.
331 1011 423 1071 Fabio
438 1012 586 1073 Vibulano
607 1019 757 1094 interrege
777 1011 897 1075 comitia
915 1011 1052 1078 habente,
1080 1029 1157 1089 con·

153 1090 237 1152 eules
259 1090 353 1152 creati
365 1097 439 1150 sunt
452 1093 490 1150 A.
503 1091 662 1153 Cornelius
671 1092 799 1162 cessus,
825 1091 862 1152 L.
884 1089 994 1150 Furius
1007 1089 1156 1150 Medulli-

154 1189 223 1232 nus.
264 1170 322 1230 His
336 1171 507 1232 consulibus
520 1171 667 1266 principio
687 1172 758 1234 anni
778 1169 1074 1233 senatusconsultum
1093 1168 1157 1228 iac·

153 1258 218 1310 tum
233 1256 290 1318 est,
316 1251 402 1309 utile
425 1258 589 1328 quaestrone
604 1249 805 1313 Postumianae
829 1251 923 1310 caedis
933 1247 1048 1310 tribuni
1060 1248 1157 1328 primo

155 1349 274 1408 quoqne
288 1337 421 1409 tempore
448 1330 486 1389 sd
527 1331 623 1390 lebem
643 1329 781 1400 ferrent;
800 1329 965 1409 plebesque
983 1329 1156 1408 praeiiceret

155 1408 325 1499 quaestioni,
351 1429 438 1486 quem
460 1352 559 1468 veliet.
601 1411 631 1471 A
651 1409 739 1489 plebe
753 1429 900 1470 consensu
924 1407 1025 1488 populi
1040 1417 1167 1468 ,consu-t

155 1488 234 1546 libus
262 1488 414 1566 negotium
427 1487 611 1559 mandatnm
631 1489 695 1568 qui,
717 1509 832 1549 summa
844 1487 1048 1549 moderatione
1060 1507 1096 1547 ac
1111 1486 1155 1546 le-

155 1567 250 1626 nitate
278 1587 511 1646 perpaucorum
532 1567 721 1660 supplicium,
744 1587 819 1647 quos
840 1568 958 1628 sibimet
980 1567 1057 1647 ipsos
1080 1584 1155 1627 con·

155 1645 248 1705 scisse
262 1651 389 1705 mortem
402 1643 475 1706 setis
502 1647 648 1708 creditum
673 1654 729 1717 est,
751 1653 906 1708 transacto
927 1666 971 1716 re,
993 1642 1151 1724 nequiuere
1230 1692 1231 1709 ,

155 1732 257 1786 nmen
272 1726 424 1806 consequi,
446 1733 553 1787 utnon
576 1727 729 1809 egerrime
750 1727 783 1786 id
796 1727 879 1807 plebs
892 1725 1009 1796 serret3
1028 1735 1045 1761 ‘⁴
1052 1725 1153 1804 jacere

156 1804 271 1864 tsrndiu
283 1805 383 1864 irrites
395 1804 574 1875 sanctiones,
595 1827 664 1886 quae
678 1807 717 1866 de
730 1807 793 1866 suis
806 1805 969 1867 commodis
985 1805 1153 1865 ferrentur:
1230 1860 1231 1871 ,

156 1903 247 1962 quum
262 1882 381 1942 interim
395 1885 433 1944 de
448 1888 591 1964 sanguine
604 1891 635 1944 et
646 1905 683 1952 ,su
706 1886 797 1965 plicio
810 1887 964 1946 suolatarn
974 1885 1075 1966 legem
1084 1903 1153 1944 con·
1230 1940 1231 1947 ,

155 1962 256 2024 testim
271 1961 412 2040 exerceri,
439 1969 469 2022 et
483 1969 597 2022 tantam
611 1963 672 2022 vim
722 1966 825 2025 bere.''
865 1963 1067 2046 Aptissimum
1080 1971 1153 2033 tem·

177 2061 212 2100 us
227 2047 301 2109 eret,
315 2039 475 2100 vindicetis
488 2041 692 2111 seditionibus,
715 2043 951 2104 delenimentum
970 2041 1083 2104 animis
1097 2044 1152 2102 Bo·
1210 2065 1214 2070 ’

87 2113 92 2123 “
156 2063 219 2181 duni
243 2119 306 2200 egri
321 2119 496 2182 divisionem
509 2121 597 2202 objici
612 2142 620 2181 ι
641 2142 703 2201 quo
727 2123 807 2186 fecto
821 2124 1000 2184 minuissent
1013 2122 1154 2182 desideri·

157 2219 206 2258 um
222 2199 346 2279 agrariae
373 2201 457 2281 legis,
483 2223 551 2281 quae
566 2221 703 2282 possesso
716 2223 770 2284 per
782 2202 922 2283 injuriam
949 2223 1023 2283 agro
1036 2201 1151 2282 publico

158 2277 264 2340 Patres
276 2279 415 2358 pellebat.
455 2282 544 2340 Tunc
555 2281 621 2342 beee
634 2282 699 2363 ipsa
712 2281 873 2364 indignitas
887 2285 1016 2364 angebat
1029 2282 1148 2348 animm

158 2359 260 2419 nonin
274 2359 438 2420 retinendis
451 2361 539 2420 modb
551 2361 679 2440 publicis
692 2362 779 2442 egris,
798 2383 873 2442 quos
897 2363 928 2422 vi
940 2367 1066 2430 teneret,
1086 2380 1151 2440 per·

158 2438 288 2498 tinacem
314 2439 497 2498 nobilitatem
519 2459 604 2509 esse;
625 2440 679 2500 sed
703 2462 741 2500 ne
764 2462 892 2502 vacuum
905 2441 1029 2520 quidem
1044 2458 1149 2532 agnem·

159 2535 255 2596 nuper
268 2536 303 2576 ex
317 2517 449 2576 hostibus
463 2523 593 2598 ceptum,
639 2519 700 2580 lobi
721 2520 854 2581 dividere
866 2540 875 2591 ;
895 2540 964 2580 mox
985 2540 1101 2602 paucis,
1120 2525 1153 2578 ut
1228 2526 1229 2575 ἴ

158 2604 268 2663 cetera,
289 2595 422 2656 futurum
446 2595 566 2676 praedae.
634 2600 721 2660 edem
745 2620 824 2661 nnnc
846 2600 991 2663 adversus
1019 2601 1152 2666 volscos,
1228 2628 1230 2655 τ

158 2675 333 2755 'populantes
356 2675 554 2735 Hernicorum
574 2676 658 2747 fines,
686 2680 817 2759 legiones
831 2680 932 2741 ductse
947 2681 964 2740 s
979 2680 1071 2739 Furio
1085 2698 1152 2740 con·
1228 2676 1230 2693 '

159 2755 233 2821 sule,
260 2773 350 2830 quum
378 2755 491 2814 hostem
512 2755 551 2816 ibi
575 2775 632 2816 non
647 2757 843 2828 invenissent,
866 2760 1073 2828 Ferentinum,
1096 2757 1161 2836 qub-

158 2851 265 2912 magna
278 2832 437 2892 multitudo
458 2833 633 2894 Volscorum
656 2857 689 2896 se
710 2838 888 2907 contulerat,
909 2859 1017 2918 cepere
1028 2860 1038 2910 ;
1058 2838 1151 2898 minus
1227 2828 1228 2867 ¹

156 2911 282 2992 praedae,
311 2913 400 2990 quim
430 2921 628 2992 speraverant,
655 2915 736 2976 fuit:
757 2918 838 2996 quod
859 2918 970 2987 Volsci,
997 2925 1154 2999 postquam

158 3011 226 3072 spes
240 2989 345 3052 tuendi
366 2992 471 3072 exigue
486 2999 559 3061 erat,
573 2995 697 3056 sublatis
711 2998 808 3065 rebus,
827 3003 916 3059 nocte
928 2998 1073 3078 oppidum
1085 2996 1154 3056 reli·

156 3077 304 3208 querqdnt3
318 3077 434 3210 ppsqero
448 3073 497 3133 die
510 3075 600 3154 propi
611 3074 761 3138 desertum
769 3076 899 3156 capitur.
936 3076 1080 3138 Hernicis
1093 3075 1154 3156 ipse

196 3173 228 3212 er
263 3167 319 3210 ono
355 3172 430 3212 sus.

158 3173 267 3290 angl.
289 3234 419 3290 Annum·
432 3231 577 3294 modestia
596 3233 782 3296 tribunorum
801 3236 936 3313 quietum
960 3237 1084 3317 excepit
1103 3233 1156 3295 oi-
1225 3276 1226 3279 =

155 3310 242 3370 bunis
256 3308 350 3386 plebis
374 3311 410 3368 L.
424 3311 538 3380 lollius,
552 3314 588 3386 Q.
602 3313 693 3374 Fabio
708 3318 863 3386 Ambusto,
877 3318 914 3382 C.
936 3317 1027 3377 Furio
1051 3314 1155 3376 Pacilo

157 3387 336 3450 oonsulibus.
376 3389 407 3448 Is
435 3411 526 3469 quum
541 3392 685 3474 principio
709 3394 808 3456 stetim
823 3396 903 3465 anni,
929 3397 1014 3457 velut
1026 3414 1155 3476 pensum

155 3466 282 3530 nominis
296 3465 486 3544 familiisque,
510 3471 673 3532 seditiones
686 3473 809 3554 agrariis
830 3476 943 3556 legibus
963 3475 1155 3555 promulgan-

154 3550 202 3609 dis
216 3549 309 3608 cieret
323 3565 343 3616 ς·
352 3548 524 3625 pestilentia
537 3555 656 3620 coorta,
667 3553 810 3618 minacior
835 3563 933 3614 tannen
949 3549 1038 3633 quim
1054 3553 1157 3634 perni-

154 3627 269 3693 ciosior,
291 3626 482 3704 cogitationes
506 3629 657 3688 bominum
681 3634 773 3692 dioro
786 3633 1059 3712 certaminibusque
1080 3636 1156 3715 pub·

152 3707 218 3766 licis
229 3707 267 3766 erl
288 3705 408 3766 domum
427 3725 587 3785 curemque
601 3729 755 3789 corporum
770 3712 1009 3774 nutriendorumt
1022 3714 1158 3782 eureseim

153 3786 310 3860 erimusque
324 3803 388 3844 eam
413 3785 585 3846 damnosam
607 3787 711 3860 luisse,
737 3812 825 3870 quum
849 3791 956 3852 seditio
972 3792 1075 3852 lutura
1090 3793 1158 3852 iue-

153 3862 200 3929 rit,
221 3862 356 3922 credunt.
397 3864 551 3926 Defuncto
576 3866 699 3930 civitate
722 3870 918 3952 plurimorum
940 3870 1062 3941 morbis,
1086 3892 1158 3953 per·
