2634 4392
163 285 223 348 rou
340 356 343 361 ,
581 271 625 348 r.
638 273 748 352 nrvu

163 447 263 530 (cujus
273 437 366 529 petris
374 460 499 507 munere
511 444 652 508 restituta
664 445 813 528 quondam
826 442 983 526 plebs,eos
995 443 1089 528 ipsos,
1096 449 1164 540 qui-

161 530 306 590 bustum
330 526 462 594 saeviret,
486 525 687 608 magistratus,
708 547 759 596 ,eos
783 527 865 610 leges
888 527 1022 608 heberet)
1044 547 1163 608 pericu·

161 607 364 670 lumfeudecib
379 605 537 677 discussit3
551 607 635 687 juvit
646 615 680 668 et
690 607 843 690 Virginius
856 607 979 689 collega,
991 607 1094 668 testisv
1116 627 1162 668 ro·

162 688 281 757 ductus,
290 685 497 769 participando
510 687 633 748 leudes:
646 687 741 770 magis
753 694 856 748 tomen
869 629 1162 769 Meuemauumded·

162 768 198 827 eb
211 774 402 829 mutaverant
411 766 555 850 animum)
568 767 682 861 profuit
690 767 850 849 judicium.

202 847 291 908 LIII.
312 847 486 909 Certamins
506 847 587 907 domi
608 848 715 922 linito¹¹
727 855 730 860 '
742 849 855 929 Vejens
875 847 987 909 bellum
1008 853 1164 920 exortumt

162 927 271 1007 quibus
285 927 387 989 Sebini
400 947 483 988 orme
497 930 725 1008 conjunxerant.
765 929 804 988 P.
814 927 954 988 Valerius
976 927 1093 999 consul,
1114 934 1164 990 sc-

162 1007 233 1068 citis‘
244 1008 421 1069 Latinorum
436 1007 698 1088 Hernicorumque
721 1007 851 1077 auxiliis,
864 1025 933 1068 cum
955 1006 1089 1068 exercitu
1103 1008 1164 1068 Vc·

158 1089 208 1168 jos
222 1089 339 1158 missus,
353 1096 452 1149 cestre
466 1088 586 1158 Sabine,
609 1108 679 1168 quae
694 1109 748 1170 pro
760 1087 908 1150 moenibus
923 1087 1070 1148 sociorum
1085 1087 1163 1148 loco·

162 1175 303 1238 tuerent,
327 1168 484 1229 confestim
508 1169 702 1261 aggredimur
734 1173 910 1247 tantamque
933 1167 1163 1248 trepidationem

162 1248 277 1331 injecit,
291 1256 334 1318 ut,
346 1249 418 1308 dum
433 1248 560 1329 dispersi
572 1248 624 1309 olii
636 1246 926 1328 'olismenipulatim
948 1255 1113 1308 excurrunt
1126 1238 1164 1308 ed

163 1330 324 1395 arcendum
336 1327 467 1390 hostium
480 1328 551 1398 vim,
573 1348 609 1388 eo
621 1334 717 1410 porte,
730 1325 781 1388 cui
804 1327 889 1409 signu
902 1327 1031 1408 primum
1053 1327 1161 1387 intule-

97 1479 99 1483 .
161 1418 219 1481 ret,
241 1415 416 1490 ceperetnr;
448 1407 528 1468 iutro
548 1407 662 1476 vallum
685 1406 796 1468 deinde
819 1406 922 1468 coedes
945 1407 1050 1490 magis,
1073 1409 1161 1488 quim
1220 1461 1221 1464 ,

163 1490 311 1571 proelium,
325 1507 390 1549 esse
398 1509 407 1558 ς
417 1487 566 1547 tumultus
576 1486 593 1546 ὲ
604 1487 711 1548 cestris
723 1487 796 1548 etin
806 1489 910 1549 urbem
918 1493 1079 1569 penetrot;
1098 1491 1160 1546 ton·

163 1589 253 1649 quum
267 1569 351 1661 Vejis
372 1567 478 1648 captis,
501 1566 545 1628 ito
565 1566 667 1659 pavidi
681 1568 827 1648 Yejentes
850 1567 889 1628 od
914 1587 997 1628 ormo
1020 1571 1161 1638 curruum

162 1669 233 1730 poss
249 1647 366 1713 Sabinis
379 1655 453 1709 cunt
465 1645 618 1718 subsidror
648 1667 720 1728 pers
735 1648 893 1717 Romanos,
905 1653 969 1708 toto
993 1647 1034 1708 im
1119 1647 1162 1706 in·

126 1794 130 1806 ,
163 1735 264 1790 tentos
282 1729 315 1789 in
338 1736 447 1799 castra,
469 1727 654 1789 adoriuntur.
694 1727 851 1808 Paulisper
874 1726 973 1801 eversi
994 1733 1045 1787 tur
1064 1726 1162 1807 ,tique

165 1817 257 1881 sunt3
290 1809 401 1869 deinde
426 1816 458 1869 et
479 1808 540 1902 ipsi
552 1815 681 1886 utroque
703 1808 798 1880 versis
822 1807 916 1888 signis
938 1807 1103 1868 resistunt:
1135 1812 1161 1868 et

164 1887 1162 2048 tuttelstetittet?idmstltlllltttrmt.

159 2042 301 2110 ⁴finitimae
314 2056 419 2130 gentes
433 2054 581 2129 superate
594 2054 674 2108 sunt.
714 2045 872 2108 Dumhaec
887 2045 926 2106 ad
948 2044 1043 2124 Vejos
1054 2063 1162 2126 geron·

164 2137 224 2201 tur,
237 2130 341 2190 Volsci
355 2129 511 2209 AEquique
523 2129 554 2188 in
569 2128 685 2206 lutino
694 2145 764 2209 egro
832 2131 939 2187 nerant
948 2132 1061 2199 cestre,
1072 2139 1161 2206 popu·

163 2210 280 2290 latique
294 2211 370 2271 fines
384 2215 469 2270 erent
477 2229 487 2280 3
520 2228 572 2270 eos
581 2229 635 2291 per
658 2205 762 2288 seipsi
815 2205 899 2276 otini,
912 2205 1076 2286 assumptis
1086 2205 1162 2266 Her·

166 2289 332 2361 uicissim.
355 2290 490 2353 nomano
503 2296 557 2351 cut
580 2292 659 2350 duce
681 2295 734 2348 sut
756 2285 998 2357 auxilioscestris
1011 2291 1163 2346 exueruut

166 2371 288 2453 Ingenti
308 2371 424 2452 preda,
447 2377 557 2450 praeter
578 2385 648 2428 suas
670 2372 861 2447 recuperatos
884 2385 943 2437 ree,
967 2366 1055 2446 potiti
1076 2372 1164 2438 sunts

166 2453 277 2513 missus
291 2460 391 2511 tamen
404 2446 441 2510 ab
452 2447 660 2517 Romoconsul
671 2446 703 2506 in
717 2445 843 2506 Volscos
854 2445 891 2506 C.
903 2446 1046 2507 Nautius.
1086 2447 1163 2514 Mos,

107 2527 120 2536 '¹
167 2532 268 2600 credo,
281 2551 341 2606 nou
354 2531 501 2622 placebat,
513 2527 579 2588 sine
602 2525 829 2589 Romanoduce
852 2526 1049 2609 exercituque
1072 2526 1165 2586 socios

203 2611 295 2692 opriis
308 2609 419 2670 viribus
433 2607 626 2686 consiliisque
638 2606 719 2668 belle
731 2626 835 2688 gerere
847 2628 862 2677 ;¹
878 2605 994 2666 nullum
1006 2625 1102 2688 genus
1117 2623 1165 2666 ce·

166 2633 311 2758 limitetis
331 2687 571 2766 contimelieeqne
592 2707 657 2747 non
675 2686 788 2747 editum
811 2686 843 2745 in
865 2686 992 2747 Volscos
1015 2693 1078 2748 ests
1111 2699 1168 2747 nec

167 2779 269 2835 torum
282 2768 408 2852 perpelli
421 2778 554 2848 potuere,
567 2767 602 2827 ot
617 2767 683 2828 scie
695 2765 882 2826 dimicarent.
1022 2793 1024 2798 ·

208 2853 292 2912 LIV.
312 2851 350 2909 L.
373 2847 481 2909 Furius
502 2845 574 2907 inde
596 2853 628 2907 et
650 2846 689 2907 C.
702 2845 839 2908 Manlius
862 2845 1010 2906 comules.
1050 2846 1166 2908 Manlio

95 2982 96 2985 η
169 2934 313 3014 Vejentes
330 2926 619 3010 provinciaevenit3
651 2921 1002 2999 uontsmenbellstum
1034 2924 1164 2988 inducis

169 3015 201 3076 in
221 3031 315 3074 anuos
327 3009 424 3092 quodr
462 3008 525 3069 ’nte
536 3007 708 3089 petentibus
729 3007 980 3078 dutreisumeuto
1004 3005 1166 3086 stipendio·

191 3116 229 3155 ue
242 3094 397 3176 impereto.
460 3088 510 3152 eci
523 3095 657 3152 externae
673 3086 830 3150 confestim
851 3087 1040 3148 continuatur
1052 3085 1163 3146 discor·

171 3117 222 3235 dis
234 3175 339 3246 domi3=
364 3167 490 3254 ugnerico
502 3169 581 3252 legis,
600 3168 772 3238 tribuniciis
790 3165 919 3226 stimulis
940 3165 1026 3256 plebs
1037 3163 1164 3226 forensi

144 3304 146 3307 .
171 3255 329 3323 Consules,
342 3252 416 3315 nihil
437 3249 575 3313 Menenii
587 3248 787 3316 damnatione,
800 3245 873 3306 nihil
884 3244 1019 3326 periculo
1032 3243 1164 3308 deterriti

172 3334 301 3401 Servilii,
314 3337 431 3394 summe
444 3329 474 3390 vi
494 3330 659 3400 resistunt3
692 3331 835 3390 obeuntes
848 3323 1021 3408 magistratu
1030 3325 1094 3390 Gn.
1105 3327 1164 3386 Ge·

170 3415 278 3478 nucius
290 3409 535 3493 tribunusplebis
547 3406 682 3492 erripuit.
723 3409 760 3470 1..
774 3407 916 3469 AEmilius
929 3413 961 3468 et
974 3403 1078 3485 Opiter
1097 3404 1163 3465 Vir·

170 3496 269 3579 giuius
282 3495 470 3556 consulatum
483 3491 597 3552 ineunt
636 3489 800 3570 Vopiscum
823 3488 935 3548 dulium
959 3505 1013 3566 pro
1037 3485 1164 3567 Virginis

170 3566 202 3640 in
216 3574 392 3658 quibusdem
407 3572 565 3634 annalibus
578 3570 730 3632 consulem
744 3568 871 3630 invenio.
891 3567 958 3626 Hoc
973 3585 1055 3644 anuo
1066 3565 1163 3646 (quos-

166 3670 291 3739 cunque
304 3650 443 3719 cousules
455 3652 568 3734 habuit)
583 3651 627 3713 rei
638 3650 678 3711 cd
692 3649 833 3732 populum
857 3647 964 3734 Furius
978 3652 1009 3708 et
1032 3645 1162 3706 Manlius

171 3742 359 3800 circumeunt
372 3732 515 3795 sordidati
528 3753 589 3793 non
602 3733 719 3813 plebem
732 3730 835 3812 magis,
853 3728 944 3808 quim
960 3725 1093 3819 juniores
1107 3725 1162 3788 Po·

171 3829 272 3890 trumr
292 3817 430 3885 suadent,
443 3817 573 3883 monent,
593 3812 793 3876 “Honoribus
806 3815 838 3874 er
849 3807 1104 3888 administratione
1110 3817 1161 3874 „rt-
