2634 4392
106 148 109 264 l

546 220 676 281 LIBER
688 218 748 323 tlt
1088 230 1144 285 151
1211 214 1212 285 ζ

106 386 112 466 t
154 380 246 441 mimo
271 396 358 439 suum
380 396 487 459 corpus
506 378 737 450 vindicaturum,
763 399 821 459 quo
841 377 1038 447 vindicaverit
1058 379 1140 444 filiae.

154 457 248 519 Ceteri
264 457 319 518 sibi
339 478 374 519 ac
387 457 489 519 liberis
509 459 571 519 suis
585 460 807 527 consulerent.”
849 460 926 520 Haec
940 458 1075 541 Virginio
1088 483 1140 523 vo-

153 537 281 598 ciferanti
294 538 495 599 succlamabat
514 538 684 609 multitudo,
693 551 721 590 -“
733 560 789 599 nec
799 538 880 599 illius
894 539 996 608 dolori,
1006 560 1061 601 nec
1076 560 1140 603 suec
1211 586 1212 589 ,

106 617 107 620 ’
153 617 276 678 libertati
297 638 331 679 se
355 617 540 680 defuturos.”
580 618 622 679 ut
633 618 762 679 immixti
774 621 871 681 turbae
886 618 1012 680 militum
1037 621 1139 701 togati,

151 716 237 776 quum
256 697 361 758 eadem
374 696 428 758 illa
437 698 599 777 querendo,
612 698 815 779 docendoque,
830 706 941 777 quanto
956 699 1027 769 visa,
1049 702 1139 779 quelm

152 777 255 844 auctu,
277 776 446 855 indigniora
464 778 619 858 potuerint
636 776 741 847 videri,
764 778 853 839 'simul
874 778 1058 861 profligatam
1075 782 1140 859 jam

151 876 207 917 rem
220 856 391 936 nunciando
405 858 509 917 Romae
529 875 614 929 esse3
634 857 762 917 insecuti
784 877 831 927 ue,
855 858 907 937 qui
927 858 1058 939 Appium
1072 880 1141 941 pro·

151 936 418 1017 peinteremptunr,
435 933 467 995 iu
488 935 625 998 exsilium
648 938 744 998 abisse
763 878 909 1007 iicerent,
935 939 1140 1019 perpulerunt,

151 1023 179 1075 ut
197 1017 235 1077 ad
249 1035 338 1077 arma
346 1016 591 1086 conclamaretur,
617 1016 823 1097 vellerentque
846 1018 940 1099 signa,
963 1022 994 1078 et
1014 1019 1140 1079 Romam

148 1096 412 1235 proficiscerentur.
452 1095 623 1157 Decemviri
633 1096 721 1157 simul
735 1096 789 1166 his,
811 1116 876 1176 quae
888 1096 1037 1166 videbant,
1051 1098 1139 1157 simul

165 1175 198 1245 is,
221 1196 291 1256 qaae
313 1181 381 1237 acta
393 1176 500 1236 Romae
513 1176 680 1247 audierant,
706 1176 880 1257 perturbati,
900 1176 976 1236 alius
996 1175 1029 1235 in
1050 1177 1140 1237 eliam

149 1262 259 1335 purtem
273 1261 446 1325 castrorum,
469 1255 508 1317 ad
529 1256 677 1317 sedandos
691 1263 788 1317 motus
802 1256 991 1316 discurrunt:
1013 1262 1043 1316 et
1063 1254 1139 1317 leni-

147 1341 190 1395 ter
212 1334 368 1415 agentibus
394 1354 567 1415 responsum
588 1356 647 1395 non
668 1334 822 1397 redditur:
842 1335 999 1417 imperium
1023 1334 1049 1395 si
1073 1334 1141 1415 quis

147 1412 301 1483 inhiberet,
333 1420 394 1474 “et
413 1413 499 1475 viros>
526 1420 557 1479 et
583 1420 712 1475 armatos
737 1436 769 1477 se
796 1418 894 1485 esse‚”
935 1416 1141 1495 respondetur.
1164 1434 1166 1436 ’

146 1492 226 1553 llunt
239 1492 355 1574 agmine
368 1494 406 1553 sd
419 1497 532 1565 urbem,
547 1501 577 1555 et
591 1495 774 1555 Aventinum
788 1494 944 1565 insidunt;
965 1508 998 1556 ut
1012 1496 1138 1574 quisque

145 1579 322 1642 occurrerat,
342 1573 459 1654 plebem
473 1575 511 1634 ad
525 1575 759 1654 recuperandam
780 1574 956 1644 libertatem,
980 1576 1139 1635 creandos·

145 1671 200 1730 que
213 1652 343 1713 tribunis
356 1653 451 1733 plebis
464 1654 677 1723 adhortantes}
697 1654 757 1714 alia
770 1674 827 1731 uox
847 1655 931 1715 nulla
944 1654 1075 1714 violenta
1086 1674 1140 1714 au·

146 1732 205 1792 dita
226 1741 284 1793 est.
324 1732 468 1791 Senatum
494 1730 544 1812 Sp.
558 1731 671 1871 Oppius
692 1732 799 1795 habet:
820 1732 892 1793 nihil
914 1733 1014 1813 placet
1035 1752 1138 1813 aspere
1211 1754 1212 1759 ¹

145 1811 209 1892 agi3
230 1811 340 1893 quippe
354 1813 391 1871 ab
405 1810 592 1892 ipsisdatum
618 1832 703 1873 ocum
718 1812 874 1873 seditionis
893 1832 966 1872 esse.
1007 1813 1138 1873 Mittun-

144 1896 189 1949 tur
203 1899 266 1952 tres
278 1891 370 1972 legati
383 1890 565 1961 consulares,
579 1893 630 1972 Sp.
644 1891 801 1975 Tarpeius,
816 1892 851 1953 C.
861 1892 969 1963 lulius,
989 1893 1024 1952 P.
1039 1892 1139 2031 Sulpi-

144 1970 216 2041 cius,
231 1971 284 2051 qui
297 1978 467 2049 quaererent
479 1978 603 2032 senatus
617 1972 724 2045 verbis,
748 1983 766 2010 “
777 1972 863 2053 cujus
872 1976 959 2053 jussu
973 1976 1071 2033 castra
1107 1992 1140 2034 e·

143 2051 327 2111 seruissentl
348 2059 401 2109 aut
427 2050 500 2129 quid
526 2051 583 2111 sibi
606 2050 729 2120 vellent,
752 2050 804 2129 qui
824 2051 929 2112 armati
954 2052 1138 2113 Aventinum

143 2129 353 2190 obsedissent?
373 2130 510 2207 belloque
523 2148 627 2200 averso
647 2132 684 2189 sb
703 2128 836 2189 hostibus
850 2132 973 2211 patriam
988 2150 1071 2191 suam
1087 2152 1137 2193 ce·
1167 2148 1173 2163 ·

142 2209 259 2289 pissent
269 2209 305 2266 ?''
345 2208 416 2267 Non
431 2205 536 2277 defuit,
548 2207 622 2288 quid
633 2208 861 2288 responderetur
873 2230 881 2267 r
902 2210 1014 2279 deerat,
1022 2209 1074 2289 qui
1085 2210 1137 2271 da-

143 2295 187 2349 ret
206 2306 393 2368 responsum,
416 2287 572 2350 nullodum
586 2294 669 2348 certo
683 2288 769 2357 duce,
794 2308 850 2347 nec
865 2288 937 2349 satis
962 2288 1138 2351 audentibus

144 2368 267 2450 singulis
287 2366 407 2427 invidie
428 2387 461 2427 se
482 2368 586 2429 offerre
597 2388 606 2438 ;
627 2366 658 2425 id
673 2368 761 2426 modb
783 2367 1006 2428 lmultitudine
1021 2370 1138 2431 concla-

143 2456 254 2509 matum
268 2454 323 2517 est,
347 2454 411 2507 “ut
424 2447 462 2507 L.
475 2447 629 2507 Valerium
649 2454 681 2507 et
701 2447 747 2507 M.
762 2446 920 2509 Horatium
941 2448 978 2509 ad
993 2468 1024 2509 se
1039 2449 1139 2511 mitte-

144 2536 206 2591 rent
218 2548 227 2599 3
247 2526 295 2587 his
308 2547 341 2586 se
355 2527 477 2587 daturos
490 2528 696 2607 responsum.’'

179 2608 233 2667 Ll.
255 2606 394 2669 Dimissis
414 2607 443 2665 le
482 2606 530 2676 tis',
553 2606 694 2669 admonet
713 2606 822 2667 milites
842 2607 1005 2689 Virginius,
1024 2608 1084 2669 “in
1105 2630 1138 2671 re

144 2705 199 2747 non
211 2679 353 2747 ‘maxima
372 2705 430 2767 pau
456 2688 474 2745 ὸ
494 2689 564 2747 ante
583 2686 765 2767 trepidatum
779 2706 854 2757 esse,
878 2688 948 2771 quia
962 2688 1026 2748 sine
1041 2689 1138 2782 capite

145 2766 301 2828 multitudo
313 2764 425 2825 fuerit:
445 2786 689 2848 responsumque,
735 2786 883 2847 uunquam
903 2788 962 2829 non
982 2768 1138 2840 inutihter,

145 2844 265 2907 fortuito
278 2853 379 2905 tamen
394 2845 487 2926 magis
501 2865 658 2915 consensu,
678 2788 769 2926 quim
783 2848 931 2927 communi
945 2847 1077 2917 consilio,
1092 2869 1139 2908 es·

146 2944 183 2985 se.
221 2926 349 2987 Placere
363 2924 468 2984 decern
481 2924 584 2994 creari,
608 2926 660 3004 qui
673 2944 793 2986 summus
807 2928 852 2987 rei
865 2932 1039 3008 praeessent,
1061 2928 1146 2988 mili·-

145 3006 260 3085 tarique
272 3005 383 3065 honore
396 3003 531 3080 tribunos
543 3002 672 3065 militum
687 3005 863 3085 appellari.”
904 3007 1002 3079 Quum
1016 3007 1053 3067 ad
1069 3022 1136 3069 eum

145 3082 237 3165 ipsum
250 3085 378 3167 primum
400 3082 428 3141 is
441 3083 534 3143 honos
547 3083 723 3153 deferretur,
748 3085 955 3145 “Melioribus
974 3086 1049 3147 meis
1069 3107 1137 3147 ves-

143 3164 256 3255 trisque
269 3167 354 3225 rebus
368 3164 549 3234 reservate,”
570 3163 677 3243 inquit,
699 3163 784 3224 “ista
797 3164 834 3225 de
848 3185 895 3225 me
905 3165 1028 3245 judicia.
1069 3166 1136 3228 Nec

143 3242 218 3303 mihr
227 3242 290 3303 filia
301 3243 397 3304 inulta
409 3244 549 3303 honorem
564 3242 658 3303 ullum
668 3244 836 3336 jucundum
850 3263 915 3305 esse
928 3245 1059 3325 patitur;
1080 3253 1136 3308 nec'

144 3321 173 3383 in
197 3325 370 3406 perturbata
390 3323 541 3416 republica
563 3343 613 3385 eos
635 3324 710 3383 utile
737 3330 783 3385 est
809 3344 939 3407 praeesse
960 3325 1051 3396 vobis,
1085 3328 1138 3407 qui

144 3401 266 3483 proximi
277 3403 398 3464 incidire
412 3409 483 3463 sunt.
525 3402 557 3461 Si
570 3402 638 3482 quis
649 3423 722 3464 usus
736 3403 795 3465 mei
808 3410 864 3475 est,
884 3404 977 3467 nihild
990 3404 1085 3466 minor
1098 3426 1136 3467 ex

143 3484 256 3563 privato
276 3503 313 3543 ca
332 3483 441 3543 ietur.”
482 3482 531 3542 Its
559 3482 664 3543 decem
691 3504 815 3544 numero
834 3484 967 3547 tribunos
991 3485 1136 3549 militares

145 3569 254 3625 creant.
328 3582 403 3642 eque
426 3563 459 3622 in
479 3560 596 3623 Sabinis
623 3563 738 3643 quievit
758 3562 905 3645 epercitus
916 3584 926 3635 ;
946 3563 986 3625 ibi
1007 3584 1137 3643 quoque,

145 3649 261 3705 auctore
282 3641 369 3703 Icilio
388 3641 626 3721 Numitorioque,
647 3642 776 3703 secessio
802 3646 838 3705 ab
858 3642 1034 3705 decemviris
1054 3644 1136 3707 facta

145 3728 197 3791 est,
209 3742 269 3783 non
282 3721 396 3783 minore
408 3727 488 3785 motu
500 3720 663 3783 animorum
678 3722 768 3783 Siccii
789 3724 882 3785 caedis
895 3723 1036 3783 memorie
1050 3744 1135 3786 revo-

106 3815 107 3856 ss
145 3807 219 3872 cute,
240 3803 332 3882 quam
352 3821 531 3882 quemnora
543 3801 622 3865 lama
636 3802 674 3865 de
688 3802 803 3884 virgine
824 3804 900 3903 oded
920 3800 1001 3867 rede
1015 3803 1054 3865 ad
1067 3802 1135 3879 libi,t
