2634 4392
90 313 92 336 ¹
173 334 233 392 m
348 415 350 418 Ι
576 284 885 429 ·-r.mncj··]4<

173 486 333 570 iloquidern
353 496 470 631 praeter
490 494 571 571 spein
592 474 724 571 ipsorum
739 460 878 573 ¹supplicii
899 464 951 563 sui
965 489 1051 553 nulla
1062 490 1175 552 mentis

174 571 269 639 lieret,
295 572 352 632 hau
395 571 714 651 quiequam-abnuere,
734 575 738 581 '
755 570 881 651 Appius,
907 572 988 631 truci
1000 571 1125 653 'ingenio
1147 580 1175 633 el

90 711 91 716 ,
176 647 297 712 invidit,
324 653 466 731 raeciput,
482 645 831 728 effmmfiri’sealiorum
853 653 907 711 suo
926 650 958 711 in
978 672 1036 711 cos
1049 652 1177 712 metiens

90 805 91 810 η
172 729 250 798 odio,
277 672 394 792 “llaud
418 724 686 815 igu'atm’ifit'niuit,
713 730 876 790 “imminet
895 729 1023 791 fortuna.
1071 731 1176 802 Video,

174 809 271 869 donec
284 830 367 871 arma
380 807 557 885 aduersariis
570 811 744 881 tradantur,
759 806 871 871 differri
885 811 1028 871 adversus
1042 830 1099 871 nos
1114 830 1175 870 cer·

173 894 297 957 tamem
309 880 571 967 ,debiles-moidiae
593 896 624 964 et
637 891 767 973 sanguis.
808 888 893 949 Nihil
916 910 955 951 ne
980 910 1032 970 ego
1053 890 1174 969 quidem

174 974 363 1049 moror,÷q'n'o
378 969 700 1048 minits'”decemriratu
715 971 850 1031 abeam.''
892 970 1016 1029 Factum
1039 978 1176 1029 senatus·

175 1049 356 1130 consultum,
380 1051 453 1111 abt
476 1050 638 1110 decemviri
660 1050 801 1131 septimo
822 1069 944 1128 quoque
962 1056 1097 1129 ternpore
1116 1070 1176 1108 ma·

175 1117 497 1217 gistrum-abilitatem.
537 1130 574 1203 Q.
593 1128 703 1190 Furius
724 1127 858 1210 pontifex
878 1126 1025 1189 maximus
1045 1129 1176 1188 tribunos

197 1207 270 1267 lebis
282 1207 418 1286 crearet3
429 1213 522 1285 =letne
542 1208 591 1268 cui
610 1208 712 1279 fraudi
731 1217 810 1287 esset
830 1208 959 1269 secessio
972 1208 1103 1269 militnm
1116 1208 1176 1287 ple·

174 1224 314 1366 bisquess’
330 1289 403 1366 =His
414 1289 679 1348 senatusconsultis
688 1285 839 1367 perfectis,
863 1287 987 1348 dimisso
998 1296 1117 1357 senatu,
1127 1288 1174 1347 ‹le-
1225 1314 1226 1317 ¹

176 1366 300 1438 cemrirl
316 1370 468 1447 prodeunt
480 1368 511 1428 ln
527 1368 712 1436 concionem,
724 1367 928 1444 abdicantque
939 1387 972 1427 se
994 1368 1175 1448 magistratu,

175 1444 300 1525 ingenti
308 1442 462 1517 horminum
486 1446 604 1508 lentie.
644 1445 838 1508 Nunciantur
859 1446 924 1507 lroeo
944 1447 1048 1528 plebi;
1068 1447 1177 1527 legatos

177 1522 381 1604 quisquilia
403 1528 477 1585 urbe
503 1525 654 1588 hominum
678 1533 834 1607 supererat
856 1526 1056 1618 prosequitur.
1100 1526 1174 1587 Huic

174 1604 454 1667 multitudini'loeia
475 1605 534 1667 alie
553 1609 640 1667 turba
661 1620 698 1667 ex
726 1613 824 1669 castra
846 1614 976 1669 occurrit
987 1627 998 1677 3
1018 1618 1174 1687 congratu-

175 1681 278 1743 lantur
300 1684 469 1746 libertatem
493 1686 741 1765 concordiamque
763 1684 877 1745 civitati
898 1685 1079 1746 restitutam.
1121 1686 1175 1745 Le·

216 1764 241 1822 ti
254 1784 307 1844 pro
322 1766 485 1827 concione:
504 1777 522 1803 ‘⁴
535 1766 622 1842 Quod
635 1770 760 1833 bonnm,
774 1764 913 1835 inustum,
927 1764 1058 1845 felixque
1075 1765 1118 1826 sit
1130 1785 1174 1824 vo·

199 1843 234 1911 is,
248 1844 350 1923 reique
364 1844 503 1926 publicae,
517 1847 613 1906 redite
626 1846 658 1904 in
692 1845 798 1905 atriam
819 1846 858 1905 ad
871 1850 1003 1925 penates,
1027 1848 1122 1925 eonJu
1142 1860 1177 1913 es,

175 1916 346 2003 liberosque
359 1932 495 1985 vestros:
515 1926 579 1995 sed,
605 1866 728 2004 qualite
740 1923 887 1987 modestia
901 1922 1006 1992 fuistis,
1019 1924 1074 1982 nbi
1090 1866 1175 1984 nulli·

177 2020 214 2061 ns
235 2022 305 2084 ager
317 2001 350 2065 in
370 2009 415 2065 tot
428 2008 527 2063 rerum
548 2022 605 2065 usu
619 1998 789 2065 neccessario
812 2006 906 2065 tante
926 2000 1118 2067 multitudini
1138 2002 1177 2063 est

175 2080 316 2152 uiolatus
327 2100 393 2143 eam
406 2075 583 2143 modestiam
595 2075 672 2142 ferte
686 2083 718 2141 in
728 2084 829 2141 urbem
843 2104 852 2153 ;
872 2081 904 2141 in
918 2080 1109 2152 Aventinum
1130 2081 1176 2151 ite,

177 2161 258 2221 unde
280 2162 407 2254 proiecti
420 2162 502 2223 estis.
542 2157 589 2224 Ibi
602 2157 771 2231 selioiloco,
787 2160 844 2221 'ubi
858 2154 953 2241 prima
972 2161 1058 2221 initia
1080 2158 1176 2222 incho-

178 2240 254 2301 *astis
267 2242 413 2303 libertatis
432 2248 552 2311 vestrae,
575 2242 710 2302 tribunos
732 2240 810 2321 plebi
823 2240 963 2301 creabitis
971 2238 984 2299 τ’
1000 2248 1113 2322 presto
1126 2240 1177 2302 erit

126 2374 135 2387 .
178 2322 313 2403 pontifex
333 2320 489 2391 maximus,
513 2321 565 2401 qui
585 2320 706 2382 comitia
724 2321 862 2381 habeat.”
903 2322 1014 2401 Ingens
1041 2338 1177 2383 assensus

109 2442 113 2448 -
177 2402 379 2482 alacritasque
405 2407 515 2462 cuncta
538 2400 762 2481 approbantium
788 2400 854 2459 suit.
902 2400 1091 2461 Convellunt
1110 2400 1177 2461 inde

178 2480 273 2563 signa,
297 2481 481 2563 protectique
504 2481 628 2551 Romam
649 2486 775 2541 certant
787 2498 855 2539 cum
868 2474 962 2539 obviis
975 2480 1106 2559 gannim
1135 2500 1176 2540 ar·

174 2561 249 2620 mati
283 2580 316 2621 er
327 2564 430 2621 urbem
443 2559 563 2620 silentio
586 2560 618 2621 in
639 2559 823 2621 Aventinum
843 2558 1044 2639 perveniunt;
1062 2558 1104 2619 ibi
1126 2578 1172 2618 er·

177 2582 299 2720 templi),
325 2638 467 2721 pontifice
488 2639 617 2700 maximo
637 2638 757 2701 comitia
776 2638 913 2721 habente,
938 2638 1075 2699 tribunos
1087 2636 1177 2730 plebis

177 2728 364 2788 creauerunt,
378 2717 509 2778 omnium
523 2718 650 2799 primum
662 2721 699 2778 A.
710 2717 888 2797 Virginium,
908 2716 980 2777 inde
1000 2718 1039 2777 L.
1051 2718 1175 2785 Icilium,

179 2804 210 2857 et
223 2799 258 2857 P.
278 2798 481 2858 Numitorium
502 2799 685 2860 avunculum
705 2796 860 2877 Virginios,
885 2804 1023 2857 auctores
1037 2796 1177 2857 secessio-

177 2877 235 2937 nis.
275 2878 356 2939 Tum
377 2878 414 2939 C.
424 2876 579 2946 Sicinium,
603 2876 772 2958 progeniem
787 2878 863 2956 ejus,
882 2896 971 2955 quern
985 2878 1115 2957 primum
1128 2875 1176 2935 tri·

177 2959 289 3019 bunum
304 2958 398 3040 plebis
412 2965 544 3018 creatum
564 2958 597 3017 in
618 2977 704 3018 sacro
724 2964 835 3024 monte,
857 2956 1007 3038 proditum
1027 2954 1175 3027 memoria

180 3045 246 3109 est3
267 3046 298 3100 et
319 3041 364 3100 M.
379 3037 524 3106 Duilium,
550 3037 603 3117 qni
621 3037 803 3099 tribunatum
818 3036 964 3173 insipnem
978 3042 1048 3096 ante
1062 3036 1176 3095 decem·

178 3116 259 3177 viros
280 3127 396 3178 creatos
416 3123 558 3198 gesserat,
585 3138 641 3178 nec
662 3116 695 3176 in
709 3116 877 3176 decemvira
890 3116 955 3176 ibus
970 3115 1183 3181 certaminibus

201 3194 260 3254 lebi
283 3196 429 3256 defuerat.
469 3197 529 3276 Spe
553 3195 663 3257 deinde
690 3195 792 3275 magis,
819 3194 910 3272 quaim
930 3194 1057 3265 meritis,
1085 3192 1179 3259 electi,

178 3215 227 3334 ll.
241 3274 383 3343 Titinius,
393 3276 441 3335 M.
454 3276 644 3355 Pomponius,
658 3272 695 3334 Ο.
710 3272 875 3354 Apronius,
883 3275 917 3334 P.
928 3274 1048 3344 Villius,
1071 3274 1109 3333 C.
1122 3276 1178 3363 Op·

180 3352 258 3435 pius.
298 3355 466 3416 Tribunatu
479 3353 575 3432 initio,
595 3356 633 3413 In
649 3354 752 3414 [cilius
767 3354 915 3434 extemplo
926 3354 1044 3434 plebem
1059 3360 1179 3435 rogavit,

180 3441 212 3494 et
232 3434 315 3514 plebs
329 3434 428 3502 scivit,
453 3454 491 3495 ne
512 3435 560 3494 cui
581 3431 680 3508 fraudi
694 3440 775 3495 esset
797 3433 924 3493 secessio
949 3436 986 3493 ab
1000 3430 1180 3494 decemviris

179 3514 269 3573 facta.
311 3513 530 3577 Confestim-*tle
543 3514 713 3575 consulibus
735 3512 874 3573 creandis
888 3532 955 3572 cum
969 3512 1180 3594 provocatione

180 3594 226 3653 Μ.
243 3592 361 3652 Duilius
384 3593 568 3671 rogationem
588 3592 735 3675 pertulit3
755 3613 791 3654 ea
805 3590 904 3653 omnia
923 3592 956 3652 in
969 3589 1181 3675 pratislllami·

179 3672 240 3810 niilsl
254 3674 380 3733 concilio
394 3672 488 3755 plebis
502 3680 578 3745 acta,
591 3694 679 3753 quem
694 3692 776 3734 nune
797 3672 920 3762 Circum
934 3672 1118 3737 Flaminium
1130 3690 1181 3751 ap·

203 3772 220 3810 e
244 3760 305 3810 ant.
408 3801 410 3806 .
958 3792 964 3799 ·

180 3772 201 3831 P
222 3831 287 3889 LV.
308 3831 366 3890 Per
379 3832 558 3915 interregem
579 3832 689 3893 deinde
702 3832 839 3903 consules
853 3832 955 3903 creati,
979 3830 1016 3891 L.
1029 3828 1181 3897 Valerius,

180 3902 230 3971 M·
248 3909 409 3988 Horatium
429 3914 483 4000 qui
495 3911 644 4006 extemplo
657 3912 864 3997 magistratum
883 3914 1085 3999 occeperunta
1106 3928 1181 3991 quo·
