2634 4392
97 261 102 288 l

201 281 258 341 tls
621 283 660 343 T.
673 281 782 345 LlVII

198 439 256 501 rim
272 460 376 521 parum
389 440 498 500 virium
518 447 606 508 esset.
647 441 684 515 Q.
707 440 815 501 Fabius
835 443 964 519 praeerat
986 434 1053 499 urbi
1064 458 1074 509 ;
1093 438 1129 508 is,
1147 454 1186 495 ar·

197 528 279 579 matt
289 524 459 601 juventute,
479 522 691 601 dispositisque
707 519 863 595 praesidiis,
878 526 943 585 tota
956 518 1055 579 omnia
1066 539 1101 579 ac
1114 527 1187 579 trau-

198 602 292 679 quilla
313 600 396 661 fecit
436 602 543 680 ltaque
563 602 672 669 hostes,
694 600 798 681 praedi
820 620 856 659 ex
878 598 1018 679 proximis
1044 598 1117 677 locis
1130 616 1187 675 rap-

197 686 241 747 to,
262 682 499 761 appropinquare
512 682 576 740 urbi
598 701 659 740 non
685 681 760 749 ausi,
782 700 872 760 quurn
888 680 1070 754 circumacto
1083 679 1187 759 agmine

196 760 339 828 redirent,
361 769 473 839 quanto
494 761 611 842 longiis
637 765 674 821 ab
693 764 764 819 urbe
790 759 917 819 hostium
938 758 1143 827 abscederent,
1161 776 1188 815 eo

197 840 341 899 solutiore
366 848 438 900 curt
459 842 489 901 in
516 842 690 902 Lucretium
711 839 848 901 incidunt
863 840 1024 907 consulem,
1040 840 1106 918 jam
1130 840 1187 897 auti

198 920 359 998 exploratis
372 921 528 981 itineribus
541 922 604 982 suis
618 919 807 990 instructum,
818 930 850 980 et
869 920 907 980 ad
929 925 1080 981 certamen
1102 916 1187 977 inten-

196 1005 272 1059 tum.
314 1000 419 1079 Igitur,
436 1002 620 1082 'praeparatis
633 1000 750 1069 enimin,
777 1002 934 1079 repentino
954 1020 1065 1079 pavore
1078 998 1187 1079 percul-

199 1098 252 1138 sos·
265 1078 371 1148 adorti,
389 1080 543 1159 aliquanto
562 1082 718 1162 pauciores
732 1080 953 1140 multitudinem
967 1080 1120 1159 ingentem
1133 1078 1187 1137 lun-

197 1158 275 1217 dunt
294 1159 478 1239 fugantque3
498 1170 530 1221 et
550 1164 718 1241 compulsos
739 1160 770 1218 in
792 1180 881 1231 cavas
902 1160 1005 1227 valles,
1025 1178 1121 1237 quum
1139 1156 1188 1217 eri·

197 1246 248 1297 tus
269 1239 347 1298 haud
361 1242 393 1298 io
407 1239 487 1299 sacili
509 1249 620 1310 essent,
633 1239 881 1306 circumveniunt.
922 1238 966 1296 lbi
989 1239 1136 1305 Volscum
1147 1258 1187 1296 no-

196 1338 264 1377 rnen
279 1323 372 1399 prope
383 1320 516 1379 deletum
531 1330 595 1390 est3
615 1318 867 1391 tredecimmillia
877 1318 1114 1397 quadrinacntos
1134 1336 1186 1396 sep-

196 1398 333 1477 tuaginta
352 1399 498 1489 cecidisse
510 1400 543 1460 in
566 1399 633 1460 acie
644 1421 680 1460 ac
695 1398 774 1489 fuga,
784 1436 787 1439 -
796 1398 878 1457 mille
892 1398 1038 1457 ducentos
1052 1398 1187 1476 quinqua·

196 1480 281 1559 ginta
295 1479 377 1539 vivos
392 1488 505 1559 captos,
529 1481 740 1561 signavigino
755 1486 869 1557 septem
890 1478 1030 1540 militaria
1046 1478 1149 1546 relata,
1165 1476 1187 1534 in

197 1560 373 1636 quibusdam
388 1562 545 1620 annalibus
556 1560 695 1630 invenio;
716 1558 766 1618 ubi
781 1558 837 1618 etsi
851 1559 1001 1638 adjectum
1016 1556 1132 1637 aliquid
1145 1576 1186 1617 nu-

188 1658 279 1697 rnero
300 1639 348 1708 sit,
368 1660 476 1721 magna
496 1644 577 1701 certi¹
596 1637 698 1701 caedes
719 1638 785 1697 fuit.
826 1639 931 1697 Victor
951 1638 1066 1705 consul,
1088 1635 1187 1718 ingenti

196 1718 301 1798 preda
317 1720 437 1798 potitus,
457 1721 561 1782 eadem
572 1721 604 1780 iu
619 1722 730 1781 stativa
741 1719 839 1779 rediit.
880 1720 959 1777 Turn
975 1717 1117 1777 consules
1137 1736 1186 1777 cns-

196 1806 245 1857 tra
266 1803 466 1880 conjungunt3
500 1809 531 1860 et
546 1802 646 1860 Volsci
675 1800 829 1878 AEquiqne
843 1798 971 1859 afflictas
983 1798 1062 1860 vires
1076 1818 1147 1857 suas
1166 1797 1186 1853 in

197 1897 290 1937 unum
314 1882 478 1939 contulere.
500 1881 626 1940 Tertia
646 1881 697 1941 illa
718 1898 818 1959 pugna
838 1898 874 1939 eo
884 1896 972 1973 ¹auno
993 1877 1071 1946 fuit;
1095 1878 1186 1939 eaden

165 1973 167 1978 ·
196 1955 316 2018 fortuna
330 1958 483 2019 victoriam
497 1960 581 2019 dedit
589 1980 599 2029 ;
633 1958 707 2021 furis
723 1959 862 2027 hostibus,
873 1959 964 2019 etiam
977 1964 1077 2016 castra
1093 1966 1179 2037 capta

238 2039 290 2097 IX⁴
313 2040 363 2098 Sic
378 2058 425 2098 res
447 2042 581 2101 Romana
600 2039 631 2098 in
655 2040 813 2118 antiquum
828 2047 939 2099 statum
958 2036 1048 2099 rediit
1063 2057 1079 2105 ;v
1094 2056 1186 2097 seruu-

196 2118 303 2197 deque
329 2120 401 2179 belli
422 2139 470 2180 res
484 2120 632 2199 extemplo
647 2122 774 2179 urbanos
796 2128 893 2181 motus
908 2118 1126 2179 excitaverunt.
1162 2116 1187 2175 C.

195 2198 382 2259 Terentilius
397 2203 476 2261 Arsa
496 2200 741 2278 tribunusplebis
769 2220 804 2259 eo
817 2221 896 2260 anno
909 2198 985 2267 fuit3
1006 2198 1041 2266 is,
1069 2196 1188 2256 consuli·

196 2281 251 2339 bus
285 2280 464 2350 absentibus,
485 2290 569 2340 ratus
589 2282 687 2339 locum
710 2279 875 2339 tribuniciis
896 2277 1063 2337 actionibus
1083 2276 1186 2339 datum

196 2378 250 2439 per
263 2359 377 2437 aliquot
396 2360 461 2419 dies
483 2361 604 2419 Patrem
629 2357 795 2437 superbiam
817 2360 855 2418 ad
879 2358 994 2438 plebem
1018 2356 1188 2421 criminatus,

196 2441 324 2497 maxime
350 2438 381 2497 in
396 2440 553 2499 consulare
572 2440 740 2517 imperium,
762 2445 903 2517 tanquam
929 2436 1063 2505 nimium,
1084 2454 1140 2495 nec
1153 2442 1188 2492 to·

196 2517 320 2579 lerabile
334 2518 435 2578 liberae
456 2519 581 2586 civitati,
595 2518 808 2580 invehebatur:
830 2531 847 2554 ‘⁴
859 2517 977 2581 nomine
991 2517 1072 2577 enirn
1082 2512 1189 2577 tantur

195 2596 296 2657 mimis
309 2594 499 2668 invidiosum,
513 2620 545 2658 re
560 2600 624 2678 ips-l
641 2598 885 2679 propiatrocius,
900 2598 990 2676 quim
1010 2597 1134 2677 regium,
1152 2613 1188 2652 es·

195 2696 238 2741 se.
279 2679 396 2759 Quippe
410 2680 486 2739 dnos
500 2700 556 2759 pro
565 2699 623 2737 uno
637 2679 757 2739 domino
770 2684 919 2760 acceptos,
933 2676 1140 2743 immoderata,
1152 2675 1189 2733 in·

196 2757 282 2818 finita
306 2767 472 2839 potestate3
492 2759 555 2837 qui,
575 2759 664 2817 soluti
675 2770 770 2837 atque
783 2758 920 2828 effrenati
934 2757 1001 2837 ipsi,
1023 2776 1127 2818 omues
1141 2774 1189 2813 me·

195 2845 247 2897 tus
263 2839 359 2918 legum
382 2838 710 2918 omniaque‘supplieia
735 2844 887 2899 verterent
900 2838 933 2897 in
960 2838 1087 2917 plebem.
1128 2836 1190 2908 Qua

196 2936 235 2978 ne
259 2927 371 2977 aeterua
391 2917 451 2977 illis
472 2918 596 2978 licentia
617 2919 666 2991 sit,
699 2920 794 2994 lenem
818 2940 852 2979 se
880 2918 1145 2999 promulgaturum,
1163 2918 1190 2970 ul

196 2996 330 3077 quinque
342 2998 399 3057 viri
414 3006 563 3058 creentur·
578 2999 693 3081 legibus
714 2999 751 3057 de
765 2998 889 3079 imperio
905 2996 1054 3057 consulari
1069 2996 1191 3055 scriben-

196 3078 254 3136 dis.
295 3078 380 3151 Quod
396 3080 523 3158 populus
537 3080 568 3139 in
583 3102 615 3140 se
632 3082 684 3159 jus
698 3080 825 3143 dederit,
839 3099 875 3137 eo
890 3078 1042 3137 consulem
1058 3090 1191 3139 usurum:

194 3175 256 3215 nrm
271 3157 349 3235 ipsos
369 3157 523 3219 libidinem
537 3160 577 3219 oc*
587 3160 738 3227 licentiam
761 3178 843 3217 suam
859 3158 992 3237 prolege
1016 3153 1191 3215 habituros.’'

195 3237 263 3309 Qui.
286 3239 471 3317 promulgati
496 3240 569 3311 leue,
591 3260 681 3319 quum
704 3236 843 3297 timerent
865 3240 976 3305 Patres,
997 3254 1046 3305 ne,
1071 3232 1194 3295 absenti·

175 3346 179 3353 ¹
196 3318 252 3375 bus
267 3318 448 3387 consulibus,
464 3340 570 3400 jugum
586 3319 769 3399 acciperent,
782 3326 904 3379 senatus
921 3320 936 3375 al
950 3316 1100 3395 prefecto
1121 3314 1193 3373 urbis

189 3397 233 3470 Q.
250 3397 340 3457 Fabio
360 3406 503 3468 vocatum
524 3400 576 3477 qui
597 3400 674 3459 ade-l
700 3398 841 3459 atrociter
864 3399 895 3457 in
921 3396 1104 3472 rogationem
1127 3394 1194 3453 luto·

140 3532 145 3537 .
196 3497 320 3555 remque
335 3478 431 3556 ipsum
446 3485 493 3539 est
517 3480 662 3545 invectus,
684 3479 814 3547 utnibil,
836 3478 860 3537 si
881 3478 966 3537 ambo
994 3477 1135 3535 consules
1158 3474 1196 3531 in·

195 3558 266 3618 festi
283 3557 515 3618 circumstarent
535 3560 698 3626 tribunum,
710 3560 846 3617 relictum
869 3556 1013 3615 minarum
1029 3564 1120 3634 atque
1142 3560 1195 3611 ter·

194 3638 273 3718 roris
287 3636 346 3696 sit:
367 3636 568 3697 “insidiatum
587 3645 665 3707 eum,
680 3646 710 3697 et
722 3646 855 3718 tempore
869 3644 957 3717 capto
971 3636 1109 3697 adortum
1125 3653 1197 3693 rem·

219 3716 357 3777 ublicum.
399 3716 431 3775 Si
453 3735 543 3796 quem
564 3719 694 3777 similem
715 3720 780 3797 ejus
800 3718 897 3797 priore
918 3736 1004 3785 anuo,
1024 3716 1103 3775 inter
1124 3732 1198 3771 mor·

194 3736 267 3855 dnm
281 3797 461 3875 bellumque,
482 3797 550 3857 irati
573 3798 620 3857 liii
642 3799 794 3859 tribunum
813 3798 977 3865 dedissent,
997 3816 1055 3887 non
1071 3794 1198 3886 potuisse

191 3875 272 3942 aba.
314 3877 448 3939 Mortuis
460 3878 575 3940 duobus
587 3880 769 3947 consulibus,
784 3880 1007 3959 jacenteaegrl
1027 3882 1154 3937 errnlsto
1175 3872 1199 3931 ir.
