2634 4392
447 434 449 436 .
567 372 824 491 stannus]
1103 346 1165 452 aar

182 551 298 616 nv.
318 553 437 623 Annus,
460 548 606 613 felicitate
628 532 733 644 populi
755 547 894 633 Romani,
917 538 1052 629 periculo
1066 546 1165 629 potitis

164 631 287 717 ingenti,
307 633 397 714 quam
413 632 508 704 clade,
531 631 666 728 insigms.
707 630 844 700 Servitia,
856 631 961 718 urbem
974 634 1009 700 ut
1021 627 1166 689 incende·

163 719 231 792 rent
244 714 425 775 distantibus
437 713 523 783 locis,
537 717 755 794 conpuramnt3
776 730 814 792 po
835 710 945 790 uloque
954 709 994 769 ad
1002 728 1088 788 opem
1098 727 1167 788 pes·

163 795 220 855 eim
230 793 386 856 ferendam
401 795 490 854 tectis
504 792 630 864 intento,
644 798 679 852 ut
691 810 791 858 arcem
833 786 1168 880 epitoliumque-armati

163 879 356 956 occuparent.
397 872 519 948 Avertit
536 871 668 934 nefanda
688 869 814 932 consilia
833 869 977 951 Jupiter:
992 868 1169 947 ‘indicioque

163 953 293 1016 duorum
305 952 513 1034 comprehensi
539 957 759 1032 sontespmnas
771 950 945 1020 dederuut-3
965 947 1093 1009 idicibus
1115 947 1170 1008 de·

162 1053 206 1095 aa
218 1031 313 1095 millio
332 1033 431 1114 gravis
449 1032 528 1104 reris,
551 1051 619 1116 quae
633 1038 698 1092 'tum
708 1030 825 1092 divitiae
838 1030 1029 1108 habebantur,
1043 1047 1080 1087 ex
1095 1047 1171 1088 aera·

163 1113 211 1174 rio
229 1117 396 1184 numerata,
419 1118 452 1174 et
470 1112 593 1174 libertas
619 1110 857 1192 praemium-luit.
897 1102 1016 1168 Bellum
1041 1106 1113 1167 inde
1133 1109 1170 1166 ab

162 1193 279 1272 AEquis
299 1193 430 1274 reparari
443 1197 598 1287 coeptumr
620 1196 660 1261 et,
683 1210 775 1251 novos
793 1191 896 1250 hostes
910 1186 1079 1249 Laricanos
1098 1205 1172 1246 con-

165 1270 237 1333 silia
249 1293 318 1334 curn
330 1273 482 1336 ‘veteribus
489 1274 627 1353 pungere,
640 1271 721 1331 haud
732 1268 856 1332 incertis
863 1266 1037 1329 auctoribus
1047 1268 1172 1326 Romam

165 1353 368 1413 estallabrm·
403 1353 640 1432 AEquorumjam
651 1348 959 1418 velut‘annirereariis
967 1346 1064 1408 armis
1087 1365 1172 1406 assu·

163 1430 363 1492 eratcivitas.
394 1430 538 1508 ,Laricoe
547 1430 640 1511 legati
651 1430 734 1491 missi
745 1450 838 1510 quum
851 1436 994 1510 responsa
1006 1427 1078 1486 inde
1089 1432 1174 1486 retu·

166 1511 278 1572 iissent
287 1509 387 1581 dubia,
399 1510 516 1590 quibus,
529 1515 586 1570 nec
599 1509 791 1570 tumbellam
803 1508 912 1589 parari,
931 1528 988 1571 nec
1001 1507 1174 1567 diuturnam

166 1609 276 1675 pacem
296 1589 372 1660 fore,
390 1596 570 1671 appareret:
585 1588 776 1650 'Tusculanis
791 1589 942 1670 negotium
955 1589 1070 1656 datum,
1080 1585 1173 1665 flad-

167 1676 324 1731 uerterent
346 1669 471 1738 animos,
483 1669 606 1747 nequid
618 1667 701 1728 'novi
714 1668 862 1728 tumultus
876 1667 999 1729 Lavieie
1015 1666 1174 1727 oriretur?

169 1749 225 1810 Ad
250 1748 439 1842 insequentis
464 1748 536 1810 anni
550 1745 684 1810 tribunos
697 1746 825 1810 militum
847 1747 996 1807 consulari
1016 1751 1175 1828 potestate,

167 1827 248 1889 inito
261 1833 447 1910 magistratu,
473 1827 570 1910 legati·
591 1830 627 1888 ab
641 1825 777 1887 Tusculo
803 1833 959 1897 venerunt,
985 1827 1023 1886 L.
1037 1827 1175 1907 Sergium

166 1907 358 1978 Fidenatem,
372 1908 418 1970 M.
432 1907 584 1988 Papirium
604 1907 817 1990 Mugillanum,
838 1907 875 1968 C.
894 1906 1064 1975 Servilium,
1078 1905 1176 1966 Prisci

157 1977 284 2057 filium,
300 2006 360 2067 quo
383 1985 531 2048 dictatore
553 1987 679 2049 Fidenae
703 1991 799 2067 captor
812 1986 941 2048 fuerant.
960 1998 963 2003 ’
981 1986 1177 2048 Nnnciabant
1202 2002 1205 2004 ’

170 2067 276 2150 legati,
289 2065 457 2127 Lauicanos
471 2086 554 2128 arma
567 2067 693 2146 cepisse,
719 2074 752 2126 et
770 2085 841 2127 curn
860 2069 1031 2146 AEquorum
1044 2065 1180 2132 exercitu

171 2146 500 2228 depopulatoeagtum
519 2145 728 2210 Tusculanum
739 2151 838 2221 castra
851 2144 884 2206 in
897 2145 1010 2231 Algido
1032 2145 1177 2226 posuisse,
1208 2205 1214 2208 ,

172 2225 258 2284 Tum
266 2223 429 2288 Lauicanis
441 2224 554 2285 bellum
566 2224 714 2296 indictum
727 2245 738 2284 a
758 2225 897 2304 factoque
907 2227 1177 2297 senatusconsulto,

171 2311 210 2366 ul
220 2305 282 2365 duo
294 2324 333 2366 ex
342 2304 471 2366 tribunis
484 2305 523 2366 ad
533 2303 642 2366 bellum
668 2302 941 2405 proficiscerentur,
955 2325 1033 2381 unus
1046 2325 1096 2364 res
1114 2307 1178 2366 Ro·

171 2404 231 2448 mm
259 2389 387 2454 curaret,
415 2390 566 2448 certamen
590 2382 787 2446 subito-inter,
805 2384 941 2446 tribunos
968 2389 1103 2445 exortum
1115 2405 1125 2456 a
1145 2406 1178 2448 sc

168 2463 303 2556 quisque
314 2464 386 2546 belli
404 2463 513 2524 durem
526 2463 671 2547 potiorem
685 2464 774 2534 ferre,
787 2485 890 2525 curam
903 2464 995 2547 urbis,
1022 2471 1058 2525 ut
1078 2453 1182 2546 ingre)

172 2552 239 2606 tam
252 2543 483 2625 ignobilemque,
502 2543 665 2624 aspernari.
681 2574 689 2589 ν
705 2545 806 2618 Quum
824 2565 928 2626 parurn
942 2545 1085 2607 decorum
1098 2545 1178 2605 inter

171 2623 308 2705 collegas
319 2628 470 2684 certamen
484 2622 651 2684 mirabundi
665 2623 771 2682 Patres
790 2625 1006 2704 conspicerent,
1028 2626 1064 2701 Q.
1077 2625 1179 2685 Serri·

173 2703 246 2774 lius,
259 2715 277 2740 “
286 2701 413 2782 Quando
426 2723 483 2764 nec
496 2701 615 2772 ordinis
623 2701 711 2784 hujus
724 2701 820 2773 ulla,”
832 2703 941 2784 inquit,
960 2714 979 2742 ‘⁸
990 2725 1047 2764 nec
1060 2705 1179 2786 reipub·

173 2783 247 2846 licre
261 2789 308 2844 est
320 2783 511 2856 verecundia,
524 2782 621 2863 patria
640 2785 782 2864 majestas
796 2783 1019 2846 altercationem
1033 2784 1121 2846 istoru
1131 2784 1181 2848 di-

173 2864 292 2932 rimet3
311 2861 392 2938 lilius
404 2881 489 2922 meus
503 2869 589 2923 extre
602 2868 712 2922 sortem
725 2862 791 2922 urbi
803 2863 936 2944 praeerit
975 2862 1099 2926 Bellum
1118 2863 1180 2923 uti·

175 2959 260 3010 nam,
274 2937 327 3018 qui
340 2946 493 3054 appetunt,
513 2939 732 3022 consideratius
746 2941 993 3022 concordiusque,
1015 2943 1108 3022 quem
1127 2963 1180 3003 cu·

199 3021 276 3088 lunt,
326 3023 404 3078 rant.
421 3079 431 3089 ,,
551 3055 554 3060 -

174 3043 281 3160 pXL-
308 3097 333 3160 Ι.
354 3097 514 3160 Delectum
537 3098 638 3164 haberi
650 3119 710 3161 non
732 3118 770 3163 ex
783 3099 969 3181 totopaasim
982 3100 1092 3194 populo
1114 3100 1180 3182 pla·
1216 3106 1217 3113 ’

178 3179 269 3248 cuit;
289 3179 402 3239 decem
415 3177 511 3252 tribus
531 3185 613 3242 sorte
624 3179 726 3243 ductae
740 3185 813 3240 sune
827 3200 835 3250 3
856 3199 895 3243 ex
905 3180 952 3242 bie
971 3187 1098 3263 scriptos
1107 3185 1180 3262 jun-

161 3259 259 3321 'iores
272 3257 332 3319 dno
341 3258 452 3321 tribuni
467 3260 504 3330 ad
517 3259 629 3321 bellum
643 3260 765 3327 duxere.
806 3259 916 3341 Coepta
928 3260 1009 3322 iuter
1021 3281 1072 3322 eos
1085 3261 1117 3323 in
1129 3283 1180 3322 ur·

177 3342 218 3418 be
232 3338 394 3400 certamina
414 3337 578 3419 cupiditate
598 3340 704 3418 eadem
718 3339 835 3420 imperii
857 3341 952 3402 multo
964 3340 1129 3423 impensius
1147 3340 1180 3403 ia

180 3417 288 3480 castris
302 3419 427 3482 accendi
441 3440 450 3478 a
471 3415 543 3478 nihil
554 3419 678 3485 ‘sentire
691 3418 781 3488 idem,
793 3439 847 3500 pro
860 3422 1012 3482 sententia
1023 3441 1157 3502 pugnare
1171 3441 1179 3479 ι

180 3517 236 3560 aue
249 3498 376 3561 consilia
388 3497 477 3568 velle,
504 3519 558 3560 sua
580 3498 705 3580 imperio
718 3499 859 3561 colorata
882 3520 969 3560 esse:
990 3508 1181 3562 contemnere

181 3577 214 3640 in
227 3579 335 3648 vicem,
348 3585 380 3638 et
389 3578 540 3640 contemni
553 3599 562 3650 3
581 3580 687 3648 donec,
701 3577 914 3659 castigantibus
928 3581 1045 3661 legatis,
1057 3580 1180 3651 tandem
1216 3582 1217 3593 ¹

180 3657 224 3720 ita
237 3665 438 3740 comparatum
450 3664 505 3728 est,
526 3658 813 3720 ut‘alterniediebus
834 3680 979 3721 summam
989 3660 1029 3720 im
1052 3661 1107 3722 etii
1128 3659 1181 3721 ha·

179 3739 295 3800 herent.
335 3738 408 3812 Quae
422 3759 514 3817 quum
528 3738 758 3812 allatassRomam
776 3748 885 3809 essent,
899 3741 1009 3822 dicitur
1029 3682 1065 3816 ll.
1080 3739 1181 3802 Serri·
1216 3752 1217 3755 ’

182 3815 250 3885 lius,
265 3823 355 3880 aetate
368 3822 398 3878 et
407 3835 463 3878 usu
479 3819 595 3888 doctae,
608 3825 749 3898 precatus
763 3822 799 3880 ob
812 3819 880 3884 Diis
892 3822 1116 3894 immortalibus,
1142 3842 1181 3883 ne

183 3895 333 3958 disccrdia
351 3897 540 3959 tribunorum·
549 3897 719 3960 damnosior
732 3899 904 3979 reipublicae
928 3909 1016 3971 esset,
1030 3903 1121 3982 quim
1140 3902 1181 3963 od

181 3974 272 4064 Vejos
280 3976 402 4041 luisset:
417 3981 457 4064 et,
467 3977 551 4050 velut
560 3977 639 4046 baud
651 3977 742 4057 debit
750 3979 837 4059 cletta
845 3981 1028 4064 imminente,
1035 3982 1181 4053 institituit
