2634 4392
98 295 99 304 Ν
195 292 254 353 rao
493 251 496 262 ²
559 349 561 351 ,
610 284 784 386 rmum

195 440 364 513 sordidatus
388 463 459 510 cum
478 443 638 531 gentilibus
660 438 881 529 clientibusque¹
900 444 1016 519 infern
1031 446 1185 532 prensabat

98 595 99 604 ¹
195 530 347 614 singulum
367 532 562 609 orabatque,“
571 532 621 591 Ne
632 529 770 606 Claudiae
782 529 864 613 genti
875 550 940 591 eam
950 532 1185 605 inustem'macu·

194 610 253 671 lam
268 610 393 680 vellent,
407 617 440 669 ut
450 630 569 671 carcere
580 615 612 671 et
624 609 754 671 vinculis
775 610 949 686 viderentur
961 610 1065 691 digni:
1086 612 1186 681 virum,

185 684 429 751 bonoratissimae
442 688 579 772 imaginis
592 690 726 751 futurum
739 690 781 765 ad
792 697 935 781 posteros,
953 690 1052 772 legum
1068 690 1185 751 latorem

98 781 99 784 ’
191 770 438 849 conditoremque
451 770 579 830 Romani
587 770 674 851 juris,
680 772 782 853 jacere
795 769 1019 841 vmctuminter
1028 770 1112 831 fures
1120 791 1185 831 noc·

191 855 297 913 turnus
310 870 346 910 ac
358 843 501 911 latrones
536 851 724 911 »Averterent
737 853 773 911 ab
785 850 830 911 ira
848 869 1009 942 parumper
1025 853 1066 933 ,³⁶
1089 850 1185 931 cogui-

192 930 305 991 tionem
318 929 590 1012 cogitationemque
599 930 734 991 animost
753 936 784 989 et
805 932 904 1009 potrus
924 948 1015 989 unum
1036 934 1083 989 tot
1096 930 1184 991 Clau·

191 1009 252 1071 diis
262 1008 493 1092 deprecantibus
506 1010 720 1083 condonarent,
743 1011 832 1089 qulm
847 1017 967 1089 propter
986 1008 1074 1069 u'nius
1087 1011 1184 1071 odium

191 1092 355 1153 multorum
374 1109 480 1172 preces
506 1090 750 1171 aspernabantur.
786 1090 829 1151 'Se
843 1084 961 1168 quoque
974 1088 1007 1149 id
1026 1088 1126 1171 generi
1151 1109 1185 1149 ao

191 1169 318 1233 nomini..
329 1164 411 1239 dare,
423 1186 481 1229 nec
495 1186 561 1230 oum
577 1189 613 1229 ao
631 1171 663 1233 in
677 1168 800 1261 gratiam
815 1168 943 1239 redisse,
955 1169 1184 1249 cujusadversoe

191 1250 322 1314 fortunae
344 1248 418 1310 velit
430 1268 614 1332 succursum
654 1248 774 1309 Virtute
795 1248 963 1309 libertatem
983 1250 1185 1331 recuperatam

192 1329 452 1395 essaaclementid·
461 1328 649 1388 concordiam
658 1326 795 1392 ordinum
805 1328 929 1389 stabiliri
939 1330 1057 1409 posse.”
1086 1331 1184 1399 Erant,

116 1444 118 1448 .
192 1424 269 1490 quoa
279 1415 411 1470 moveret
430 1427 484 1469 sua
497 1406 592 1489 magis
605 1406 726 1489 pietate,
740 1409 828 1488 quim
843 1409 917 1489 ejus,
938 1420 991 1491 pro
1004 1428 1064 1488 quo
1077 1412 1184 1491 agebat,

192 1495 283 1552 causti
294 1505 313 1561 3·
324 1489 378 1553 sed
392 1480 556 1570 Virginius,
568 1487 643 1563 “sui
652 1487 757 1627 potius
769 1500 804 1549 ut
815 1486 1058 1567 misererentur,'’
1080 1492 1185 1559 orabat,

190 1568 371 1649 “filiaeque-a
390 1566 559 1649 nongentis
573 1566 654 1628 Clau
673 1565 721 1637 iae,
744 1588 866 1649 regnum
889 1568 920 1627 in
935 1568 1052 1649 plebem
1067 1569 1183 1640 sortite,
1217 1592 1218 1597 ¹

192 1648 248 1714 sed
267 1647 503 1709 necessariomm
516 1647 663 1729 Virginiae
673 1710 675 1713 ,
686 1646 774 1709 trium
783 1646 973 1725 tribunorum
987 1667 1092 1729 preces
1105 1648 1184 1709 audi-

190 1738 282 1803 rent,
302 1728 365 1809 qui,
383 1726 422 1791 ad
433 1727 576 1789 auxilium
589 1726 685 1811 plebis
697 1724 869 1809 creatiipsi
889 1728 984 1808 plebis
998 1728 1088 1789 fidem
1102 1736 1183 1807 atque

192 1810 337 1871 auxilium
348 1809 584 1891 implorarent”·
614 1807 761 1868 Justiorea
781 1808 827 1867 hae
842 1806 972 1883 lacrimae
988 1808 1183 1883 ¹uidebantum

191 1886 304 1967 itaque,
317 1908 370 1969 spe
384 1887 489 1957 incisa,
498 1946 504 1954 ,
512 1886 684 1968 priusquam
704 1886 842 1969 prodicta
855 1888 920 1949 dieu
932 1888 1056 1963 adesset,
1072 1884 1182 1980 Appius

189 1968 251 2035 ‚eibi
268 1973 393 2028 mortem
415 1966 569 2027 conscivit.
616 1966 749 2027 Subinde
770 1974 907 2048 arreptus
927 1967 944 2027 d
963 1967 997 2026 P·
1018 1966 1183 2029 Numitorio

194 2050 246 2129 Sp.
256 2046 380 2129 Oppius,
392 2046 544 2139 proximus
553 2044 690 2116 invidiae,
703 2042 784 2127 quod
798 2045 828 2109 in
839 2049 911 2108 urbe
922 2047 1029 2115 luerat,
1064 2039 1133 2107 uum
1142 2048 1181 2107 in-

189 2131 283 2211 justae
295 2126 437 2196 vindicrae
462 2126 480 2186 i
494 2126 608 2209 collega
624 2126 803 2210 dicerentur.
843 2125 916 2187 Plus
930 2136 1029 2187 tamen
1041 2068 1123 2191 iacta
1141 2127 1182 2185 in·

190 2208 272 2290 juria
291 2207 398 2291 Oppio,
421 2206 511 2287 qudrn
531 2226 590 2268 uon
603 2206 758 2298 prohibita,
771 2206 891 2266 invidiae
905 2206 977 2267 fecit
986 2210 1002 2278 ;'
1015 2204 1102 2267 testis
1122 2226 1181 2287 pro·

194 2289 316 2358 ductus,
336 2286 399 2381 qui,
419 2308 452 2348 se
472 2293 533 2348 tem
546 2295 579 2347 et
591 2282 697 2367 viginti
711 2286 892 2347 enumeratis
905 2286 1074 2367 stipendiis,
1097 2286 1181 2347 octies

195 2377 282 2431 cutm
294 2367 429 2428 ordinem
463 2372 580 2436 cuatus,
602 2367 740 2445 donaque
753 2384 906 2451 capgerens
919 2366 951 2425 in
963 2374 1123 2449 conspectu
1135 2386 1181 2446 po-

215 2449 268 2519 uli,
281 2448 378 2510 scissa
389 2452 474 2506 veste
487 2452 603 2537 tergum
616 2445 885 2527 laceratum'virgis
898 2445 1039 2515 ostendit,
1066 2446 1180 2507 nibilum

193 2469 371 2621 deprecans,
393 2537 411 2562 “
422 2524 505 2605 quin,
526 2546 551 2585 sr
563 2545 653 2606 quam
669 2544 751 2607 suam
766 2544 871 2595 noxam
885 2547 954 2589 reus
967 2526 1068 2587 dicere
1081 2532 1181 2607 posset,

194 2613 329 2691 privatus
351 2604 460 2665 iterum
481 2602 514 2666 in
535 2621 567 2667 se
580 2606 732 2685 seviret?
766 2604 886 2695 'Oppius
900 2626 1018 2687 quoque
1031 2606 1136 2667 ductus
1153 2604 1181 2663 in

194 2676 383 2754 uinculaest,
396 2691 510 2745 etanta
524 2684 632 2765 ludicii
646 2684 725 2749 diem
736 2684 829 2745 'finem
849 2682 889 2747 ibi
902 2687 970 2746 vitre
985 2686 1066 2747 fecit
1106 2686 1181 2745 Bona

196 2766 318 2828 Claudii
337 2764 485 2847 Oppiique
497 2765 609 2827 tribuni
628 2764 817 2845 publicavere
830 2786 838 2835 ;
858 2766 981 2849 collegae
997 2786 1100 2829 eorum
1113 2764 1183 2825 ersi·

194 2843 231 2910 lii
243 2854 335 2910 causa
347 2845 442 2907 solum
451 2848 625 2905 vertdmnt‘a
643 2847 721 2906 bena
731 2846 883 2927 publicata
893 2852 982 2917 sunta
1002 2852 1034 2905 et
1045 2846 1090 2905 M.
1100 2845 1182 2905 Clau·

195 2928 274 2998 dius,
287 2931 417 2989 assertor
426 2922 583 3006 Virginius,
595 2922 648 2985 die
657 2924 740 2985 dicte
754 2924 922 2995 damnatus,
943 2926 1008 3007 ipso
1022 2924 1182 2986 remittente

196 3004 332 3091 birginio
346 3005 481 3082 ultimam
494 3023 624 3087 punam,
646 3004 786 3065 dimissus
800 2992 895 3065 Tibur
910 3005 1084 3071 'exsulatum
1099 3006 1185 3067 abiita

196 3103 359 3169 manesque
373 3084 536 3169 Virginios,
550 3093 676 3147 mortuae
698 3088 789 3163 qulm
800 3085 886 3161 vvivae
900 3084 1051 3155 felicioris,
1072 3106 1126 3165 per
1147 3090 1186 3145 tot

195 3171 300 3229 domos
313 3168 356 3241 ed,
366 3166 511 3250 petendas
524 3186 628 3247 poenas
640 3166 748 3245 rogati,
761 3164 843 3224 nullo
852 3162 956 3227 relicto
970 3172 1057 3226 sonte
1070 3167 1186 3227 taudem

218 3250 386 3311 uieverunt.
418 3259 421 3265 ’
794 3260 798 3273 ’

196 3265 218 3330 q
238 3323 321 3389 LIX.
343 3329 453 3410 lugens
477 3330 576 3388 metus
601 3316 765 3389 incesserat
791 3318 906 3397 Patres,
942 3314 1108 3409 vultusque
1129 3322 1187 3406 jan

195 3398 286 3486 iidem
299 3407 482 3469 tribunorum
497 3414 591 3477 eraut,
617 3408 670 3487 qui
693 3408 925 3483 decemvirorum
947 3406 1078 3477 fuerant,
1102 3424 1189 3501 quun

197 3486 244 3551 Μ.
257 3486 378 3564 Duilius
390 3486 526 3549 tribunus
539 3487 644 3568 plebis,
669 3487 793 3549 inhibito
813 3486 970 3548 salubriter
989 3488 1079 3549 modo
1093 3487 1190 3547 nimie

208 3585 215 3594 “
235 3567 364 3635 testatis,
376 3578 395 3603 “
406 3566 447 3627 Et
457 3560 635 3636 libertatis?
655 3558 763 3645 inquit¹
782 3572 800 3605 “
810 3572 917 3627 nostrae
933 3574 966 3627 et
984 3566 1144 3659 pernarum
1157 3583 1189 3625 er

228 3647 325 3709 imicis
338 3644 412 3707 satis
432 3655 498 3717 esta
517 3647 619 3725 itaque
638 3645 693 3705 hoc
707 3662 785 3709 anno
797 3666 853 3707 nec
874 3646 954 3709 diem
967 3644 1028 3721 duci
1042 3646 1190 3726 cuiquam.

196 3742 253 3791 bec
266 3727 298 3788 in
311 3726 430 3787 vincula
443 3726 512 3785 duci
526 3744 705 3804 quemquam
720 3746 785 3787 sum
798 3742 950 3806 passurus·
989 3724 1069 3786 Nam
1090 3744 1189 3806 neque

197 3814 297 3885 vetera
310 3814 432 3886 peccata
445 3804 539 3897 repeti
552 3806 614 3885 jam
629 3806 785 3867 obliterata
797 3805 907 3886 placet,
916 3818 1007 3885 quum
1021 3804 1191 3897 nonexpi-

198 3892 248 3946 ate
270 3886 332 3948 sint
354 3884 589 3947 decomanorum
608 3884 784 3969 suppliciis}
804 3890 835 3947 et
860 3886 934 3949 nibil
954 3879 1124 3949 admissum
1148 3882 1192 3951 uio
