2634 4392
538 319 666 380 LIBER
680 319 723 380 11.
1092 321 1131 378 98

105 470 106 473 “
184 480 296 543 XLIII.
317 477 352 555 Q.
365 481 476 542 Fabius
496 479 618 540 inde'et
632 455 674 537 CJ
688 475 787 538 Julius
808 478 945 536 consules
966 475 1047 536 facti.
1087 475 1133 536 uo

151 581 217 622 anno
237 581 295 622 non
316 561 432 641 segnior
452 559 600 620 discordia
620 558 710 626 domi,
731 564 761 615 et
780 555 890 615 bellum
911 556 982 616 foris
995 554 1132 634 >atrocius

150 641 206 700 aa
244 643 293 702 Ab
313 641 421 718 AEquis
440 660 523 701 arina
543 644 670 718 sumpta.
723 637 869 716 Vejentes'
890 656 990 716 agrum
1015 653 1134 714 quoquc

111 723 116 734 '
149 721 335 780 Rornanorum
348 719 522 800 populantes
533 718 664 790 irrierunt
676 737 684 785 ;
705 735 828 795 quorum
839 715 984 775 bellorum
996 734 1134 790 crescen-

148 807 174 858 te
186 807 262 870 curt,
277 800 316 858 K.
338 799 446 859 Fabius
460 807 490 859 et
510 800 562 878 Sp.
585 796 693 856 Furius
707 794 847 854 consules
857 797 941 854 fiunt.
982 795 1125 853 Ortonam

148 879 277 938 Latinam
292 881 405 947 urbem,
426 879 517 957 AEqui
531 878 748 956 oppugnabant.
808 875 960 955 Vejentes,
973 874 1053 954 pleni
1069 876 1134 954 jain

146 959 369 1037 populationum,
385 960 508 1018 Romam
529 956 624 1036 ipsam
641 975 681 1032 ¹se
705 959 924 1035 oppugnaturos
939 955 1134 1014 minabantur.

148 1038 198 1110 Qui
210 1044 345 1103 terrores,
359 1058 451 1117 quum
463 1053 651 1117 compescere
665 1035 816 1102 deberent,
828 1033 1071 1112 auxere‘insuper
1081 1051 1134 1092 an·
1163 1075 1165 1082 >

147 1116 212 1177 imos
224 1118 336 1198 plebis:
367 1117 540 1196 redibatque
561 1135 620 1174 non
633 1119 688 1172 sul
703 1120 807 1194 sponte
828 1113 905 1195 plebi
932 1133 995 1172 mos
1016 1114 1134 1172 detrec·

146 1197 220 1257 tandi
242 1197 398 1267 militiam
433 1197 485 1256 sed
506 1198 557 1276 Sp.
572 1192 708 1254 Licinius
729 1194 864 1254 tribunus
891 1191 995 1274 plebis,
1017 1191 1134 1252 venisse

145 1280 255 1356 tempus
269 1284 351 1336 ratus
376 1276 378 1279 ’
403 1276 564 1336 rultimam
580 1273 787 1334 necessitatem
802 1272 875 1354 legis
889 1272 1013 1365 agrariae
1036 1270 1134 1331 Patri·

146 1356 190 1414 bus
216 1298 419 1436 injungendi,
443 1363 615 1439 susceperat
637 1374 700 1413 rem
727 1352 884 1413 militarem
905 1352 1134 1431 impediendam.

146 1434 283 1493 Ceteram
304 1441 368 1494 tnta
386 1436 498 1496 invidia
518 1433 687 1495 tribuniciae
708 1433 865 1524 potestatis
885 1452 973 1491 versa
986 1431 1017 1490 in
1032 1436 1134 1491 aucto-

144 1533 197 1573 rem
213 1522 281 1573 estt
311 1514 411 1574 necin
425 1536 491 1576 eum
506 1513 645 1575 consules
660 1515 769 1580 aenas,
782 1533 831 1590 qu
841 1534 871 1572 nr
886 1512 980 1593 ipsius
994 1515 1058 1591 ejus
1073 1511 1134 1570 col-

144 1593 218 1672 lega,
232 1593 325 1652 coorti
349 1605 435 1655 sunt:
470 1595 642 1672 auxilioque
654 1612 756 1652 eorum
770 1592 917 1651 delectum
933 1593 1070 1650 consules
1083 1590 1134 1650 ha·

143 1675 214 1730 bent.
256 1674 306 1732 Ad
328 1675 388 1733 duo
407 1675 495 1734 simul
516 1673 595 1732 bella
615 1671 764 1732 exercitus
785 1670 924 1730 scribitur
936 1691 945 1738 ;
979 1669 1135 1731 ducendus

143 1751 225 1812 labio
238 1753 270 1812 in
283 1754 411 1830 AEquos,
422 1753 453 1812 in
464 1752 608 1831 Vejentes
616 1750 706 1810 Furio
719 1750 817 1809 datur.
856 1751 897 1808 Et
907 1749 937 1807 in
958 1750 1135 1828 Vejentibus
1213 1769 1214 1808 t

143 1833 255 1909 quidem
270 1831 343 1891 nihil
358 1832 480 1912 dignum
494 1831 635 1891 memorii
649 1837 765 1912 gestum
780 1835 849 1906 est,
878 1827 968 1888 Fabio
981 1829 1135 1908 aliquanto

141 1911 201 1989 plus
216 1911 326 1994 negotii
340 1933 408 1971 cum
420 1912 543 1980 civibus,
557 1912 648 1990 qu⁸m
661 1931 729 1970 cum
744 1908 883 1976 hostibus,
899 1908 976 1979 firit3
996 1929 1072 1967 unus
1082 1909 1135 1970 ille

142 1990 181 2047 rir
192 1991 258 2070 ipse
278 1992 381 2051 consul
404 1992 615 2071 rempublicam
629 1990 780 2059 sustinuit,
794 2010 883 2068 quam
905 1989 1053 2048 exercitus
1067 1989 1136 2049 odio

143 2072 276 2139 consulis,
299 2078 444 2147 quantum
458 2071 489 2127 in
503 2091 535 2128 se
548 2071 615 2137 fuit,
629 2070 779 2148 prodebat.
820 2069 900 2128 Nam
915 2089 1006 2148 quum
1021 2070 1135 2139 consul,

142 2159 247 2226 prater
261 2158 375 2207 ceteras
390 2149 592 2225 imperatorias
606 2155 695 2222 artes,
712 2167 786 2226 quas
800 2147 931 2226 parando
946 2149 1134 2228 gerendoque

141 2228 210 2288 bello
225 2227 322 2286 edidit
334 2227 488 2306 plurimas,
498 2227 541 2285 ita
554 2226 742 2306 instruxisset
757 2226 860 2292 aciem,
875 2232 917 2292 ut,
926 2228 988 2285 solo
998 2228 1134 2303 equitatu

142 2309 252 2376 emisso,
266 2306 427 2367 exercitum
443 2306 570 2369 hostium
585 2305 735 2372 funderet,
749 2304 866 2382 insequi
881 2303 962 2362 lusos
975 2307 1067 2384 pedes
1080 2327 1133 2366 no-

141 2386 209 2456 luit;
230 2406 288 2445 nec
304 2385 379 2453 illos,
391 2396 421 2445 et
435 2386 459 2444 si
473 2406 532 2446 aon
546 2385 711 2445 adhortatio
724 2383 813 2442 invisi
822 2384 916 2451 ducis,
927 2403 1013 2442 suurn
1028 2386 1134 2446 saltem

141 2464 157 2522 ll
176 2466 279 2526 oitiuru
294 2471 326 2523 et
339 2463 487 2557 publicum
512 2466 543 2526 in
578 2465 720 2524 casentia
734 2464 874 2531 dedecus,
888 2464 1133 2544 postmodo-peri-

142 2564 171 2601 cu
186 2567 244 2614 um,
259 2545 285 2604 si
298 2565 415 2603 antinus
429 2545 504 2603 hosti
520 2486 654 2611 redisset,
669 2563 772 2624 cogere
787 2544 882 2622 potuit
896 2544 1019 2622 gradum
1035 2544 1133 2603 accel-

142 2643 236 2695 erare3
249 2632 310 2691 aut,
322 2624 347 2682 si
360 2624 440 2683 aliud
453 2625 535 2693 nihil,
546 2625 658 2684 instare
668 2623 838 2683 instructos.
860 2623 978 2702 injussu
992 2625 1075 2704 signa
1088 2643 1132 2683 re-

142 2702 241 2773 ferunt,
255 2724 308 2763 nr:
318 2704 425 2782 stique,
441 2705 590 2785 (crederes
605 2704 720 2784 victos)
742 2711 931 2762 exsecrantes
946 2723 1024 2762 nunc
1039 2705 1132 2783 impe·

142 2791 270 2851 ratorern,
284 2803 364 2856 nunc
381 2792 518 2844 navatam
533 2788 569 2844 ab
583 2783 684 2863 equite
698 2804 826 2864 operam,
841 2784 966 2842 redeunt
980 2783 1010 2842 in
1026 2793 1133 2842 castra.

142 2860 200 2920 Nec
214 2861 283 2920 huic
297 2869 358 2920 tam
370 2864 522 2941 pestilenti
533 2865 670 2942 exemplo
689 2863 819 2922 remedia
834 2863 894 2921 ulla
908 2867 944 2933 ab
957 2864 1134 2942 imperatore

143 2943 261 3015 qursita
277 2949 366 3008 sunt;
380 2942 450 3000 ade*
467 2943 683 3005 excellentibus
693 2941 821 3022 ingeniis
833 2943 883 3000 citi
890 2949 922 3002 is
936 2943 1064 3001 deluerit
1075 2963 1133 3012 ars,

143 3028 190 3095 qu}
206 3022 302 3080 civem
320 3026 431 3100 regant,
445 3023 536 3099 qu¹m
572 3030 607 3078 ui
624 3021 738 3080 hostem
754 3031 904 3100 superent.
941 3023 1056 3082 Consul
1076 3025 1133 3081 llo-

143 3116 209 3158 nam
223 3099 325 3168 rediit,
351 3120 410 3160 non
434 3110 493 3159 tam
509 3043 578 3158 belli
592 3099 686 3192 glori&
708 3111 778 3158 auct
799 3121 860 3177 ,qu
873 3115 911 3160 ¹'m
928 3103 1043 3159 irritato
1064 3121 1133 3162 exa·
1212 3145 1213 3150 κ

144 3181 310 3258 cerbatoque
325 3179 355 3238 in
369 3200 401 3238 se
415 3179 542 3239 militum
558 3180 633 3239 odro.
684 3187 692 3225 ⁴
712 3179 845 3238 btinuere
860 3189 958 3239 tamen
973 3183 1085 3249 Patres,
1100 3187 1134 3242 ut

142 3253 167 3313 in
179 3259 266 3318 Fabia
310 3269 377 3318 ente
393 3261 566 3318 consulatus
582 3267 724 3318 maneret.
780 3259 825 3318 M.
840 3259 964 3320 Fabium
980 3263 1133 3324 consulem

143 3351 253 3396 creant:
300 3339 364 3398 abio
378 3339 492 3411 collega
506 3340 563 3397 Cn.
577 3339 713 3398 Manlius
728 3339 825 3398 datur.

176 3418 286 3476 XLIV.
308 3417 344 3476 lit
357 3419 405 3478 lric
420 3437 517 3476 annus
529 3418 678 3477 tribunum
694 3427 844 3478 auctorem
857 3418 932 3498 legis
943 3422 1065 3497 agrariae
1079 3421 1133 3482 ha·

143 3494 206 3553 buit
247 3495 296 3553 Ti.
317 3497 490 3562 Pontificius
505 3497 582 3567 luit3
603 3497 637 3566 is,
660 3499 785 3558 eandem
801 3497 889 3568 viam,
909 3495 992 3559 velut
1012 3521 1132 3580 proces·

144 3573 224 3633 sisset
251 3575 302 3654 Sp.
318 3575 440 3646 Licinio,
462 3577 622 3656 ingressus,
643 3578 795 3636 delectum
815 3577 967 3658 paulisper
987 3580 1132 3659 impediit.

144 3650 318 3739 Perturbatis
339 3655 443 3716 iterum
460 3657 606 3726 Patribus,
628 3659 687 3736 ap.
708 3657 862 3725 Claudius,
877 3670 893 3694 “
906 3659 1023 3716 Victam
1038 3657 1132 3718 tribd-

144 3732 241 3816 nrciam
263 3739 473 3814 potestatern‚”
488 3737 597 3804 dicere,
618 3736 743 3815 “priore
764 3755 863 3804 anno;
884 3735 914 3796 in
929 3738 1130 3817 prasentiarc

143 3819 211 3887 ipsa,
223 3813 356 3896 exemplo
369 3813 611 3900 inperpetuum:
642 3816 762 3896 quando
775 3816 931 3878 inventurn
945 3816 994 3889 sit,
1008 3815 1070 3880 suis
1083 3819 1132 3904 ip-
