2634 4392
183 317 244 378 192
410 379 415 384 ,
609 311 771 373 ΜΝΙΙ

86 491 88 504 ’
183 471 321 555 plscuitr
340 471 420 550 quis,
434 468 492 530 etsi
506 488 585 549 saepe
599 469 673 529 victi
692 470 803 551 populi,
821 468 932 561 majore
945 471 1049 528 temen
1062 475 1181 542 conatu,

185 572 275 631 quam
298 551 372 610 alies
396 569 537 629 unquam,
558 544 762 610 rebellarent:
783 555 814 609 et
835 549 1024 627 uquuantum
1037 549 1182 612 Romanus

1010 151 1022 168 Γ,
1099 151 1155 157 -l-

179 629 348 712 juventutis
361 632 461 690 morbo
472 632 658 708 absumptum
669 635 735 688 erat
748 650 758 697 ς
777 636 848 690 ante
859 627 958 687 omnia
969 627 1104 706 pravitas
1115 650 1182 690 con·
1230 678 1232 697 ,

86 755 87 762 ἶ
184 711 283 772 sulum
298 708 505 788 discordiaque
519 707 598 768 iuter
611 708 701 787 ipsae,
710 715 742 770 et
753 708 917 784 certamina
930 704 962 766 iu
972 707 1112 768 consiliis
1122 730 1182 770 om·

86 789 87 794 ’
182 789 270 850 nibus
284 798 451 850 terrebant·
485 789 571 856 Sunt,
592 789 645 866 qui
664 789 743 847 male
762 789 977 868 pugnatumab
989 785 1038 846 his
1052 789 1182 848 consuli-

182 871 237 933 bus
256 869 288 928 in
303 869 413 948 Algido
427 874 563 928 auctores
583 868 654 938 siut,
667 887 791 945 eumque
805 886 926 933 causam
939 867 1100 927 dictatoris
1121 889 1181 928 cre-

184 948 256 1009 andi
269 947 373 1008 fuisse.
412 947 494 1006 lllud
505 947 577 1008 satis
591 954 718 1016 constat,
728 947 768 1007 ad
777 947 837 1006 alia
846 946 1000 1006 discordes
1013 947 1046 1006 in
1055 967 1121 1008 uno
1132 949 1182 1009 ad·

183 1031 289 1099 versus
303 1029 426 1087 Potrum
436 1027 621 1087 voluntatem
636 1026 833 1096 consensisse,
852 1046 891 1086 ne
899 1024 1043 1086 dicerent
1056 1027 1183 1088 dictato·

184 1128 268 1168 rema
289 1107 395 1177 donec,
415 1127 506 1184 quum
521 1105 580 1166 aliu
598 1106 668 1167 aliis
679 1104 858 1173 terribiliora
869 1106 1071 1175 adferrentur,
1084 1107 1183 1169 necin

184 1187 361 1250 auctoritate
385 1192 509 1248 senatus
531 1187 669 1262 consules
690 1192 800 1254 essent,
816 1187 863 1260 Q.
884 1185 1032 1245 Servilius
1054 1186 1183 1258 Priscus,

185 1267 307 1326 summis
321 1257 479 1326 bonoribus
490 1266 605 1347 egregie
617 1285 698 1333 usus,
711 1277 729 1301 “
741 1265 833 1334 Vos‚”
846 1265 953 1343 inquit,
966 1276 985 1301 “
994 1265 1112 1326 tribuni
1119 1267 1180 1346 ple·

183 1345 239 1415 bis,
253 1346 392 1426 quoniam
406 1346 445 1406 ad
458 1354 591 1404 extrema
608 1351 730 1404 ventum
743 1349 799 1413 est,
812 1353 936 1404 senatus
948 1344 1180 1424 appellabatis

183 1433 269 1487 tanto
290 1424 460 1484 discrimine
473 1423 649 1504 reipublicae·
662 1423 839 1482 dictatorem
852 1424 954 1484 dicere
968 1426 1111 1484 consules
1132 1445 1181 1506 pro

159 1551 163 1558 r
205 1509 331 1564 etestate
346 1511 444 1563 vestra
458 1502 608 1583 cogatis.’'·
644 1503 712 1577 Qut
726 1503 1181 1572 voceeudittmccasiouemob·

182 1525 275 1645 latam
289 1583 345 1644 rati
360 1581 471 1642 tribuni
492 1581 638 1664 augendae
650 1582 809 1662 potestatis
823 1583 980 1652 secedunt,
994 1603 1105 1664 proque
1119 1585 1181 1644 col·

181 1663 261 1744 legio
273 1662 482 1744 pronunciant,
503 1673 521 1699 “
530 1663 659 1742 placere,
673 1663 810 1723 consules
822 1662 941 1722 senatui
954 1662 1036 1723 dicto
1055 1663 1181 1724 audien·

182 1747 231 1806 tes
256 1743 387 1804 emersi
409 1743 551 1802 adversus
576 1761 754 1807 consensum
775 1743 950 1822 amplissimi
969 1743 1084 1803 ordinis
1102 1741 1182 1806 ultra

128 1883 129 1886 ,
183 1825 321 1893 tendant,
335 1823 366 1882 in
381 1823 501 1882 vincula
515 1842 547 1880 se
561 1821 631 1892 duci
645 1842 695 1882 eos
704 1823 874 1901 jussuros.”
914 1821 1066 1883 Consules
1080 1825 1117 1883 ab
1129 1823 1180 1883 tri·

183 1901 280 1970 bunis,
293 1903 383 1982 quim
394 1904 431 1962 ub
445 1907 559 1968 senatu,
573 1900 658 1959 vinci
671 1901 848 1961 maluerunt
861 1922 871 1971 ;
890 1902 1068 1982 “proditum
1096 1905 1114 1962 ei
1127 1903 1180 1963 Pa-

86 2023 88 2064 ζ
182 1981 279 2042 tribus
301 1981 409 2040 summi
422 1979 537 2058 imperii
547 1981 608 2058 jue,
632 1977 796 2058 datumque
818 1983 873 2040 sub
892 1983 995 2061 jugum
1007 1981 1179 2044 tribuniciae

182 2060 325 2142 potestati
339 2059 549 2119 consulatum’7
564 2066 761 2118 memorantes
776 2081 785 2131 ;
805 2072 824 2097 “
835 2061 981 2139 siquidem
989 2061 1058 2142 cogi
1067 2060 1180 2141 aliquid

182 2161 237 2222 pro
251 2145 397 2220 potestate
410 2141 447 2200 ab
461 2138 578 2198 tribuno
592 2139 741 2208 consules,
766 2144 796 2199 et
811 2140 880 2220 (quo
894 2140 968 2232 quid
981 2140 1111 2200 ulterius
1122 2141 1179 2222 pri·

183 2227 254 2280 veto
265 2219 429 2280 timendum
443 2219 521 2278 foret
531 2219 554 2301 i)
567 2218 599 2277 in
615 2217 734 2278 vincula
743 2219 916 2293 etiamdum
926 2222 1081 2301 possent.”
1103 2222 1179 2291 Sors,

183 2307 219 2360 ut
239 2300 416 2362 dictatorem
431 2299 554 2369 diceret,
580 2297 661 2378 (nam
676 2319 713 2358 ne
747 2298 780 2357 id
807 2299 929 2378 quidem
945 2299 1026 2360 inter
1053 2300 1180 2380 collegas

185 2381 377 2461 convenerat)
400 2383 430 2438 Γ.
440 2377 581 2452 Quinctio
592 2376 711 2447 evenit3
724 2377 750 2436 is
760 2382 798 2437 A.
804 2377 994 2459 ‘Postumium
1006 2379 1181 2450 Tubertum,

185 2478 321 2521 socerum
335 2477 431 2527 suum,
452 2455 631 2518 severissimi
644 2456 763 2538 imperii
775 2457 881 2527 virum,
895 2457 1073 2521 dictatorem
1085 2457 1181 2521 dixit:

184 2541 222 2599 ab
235 2559 270 2598 eo
286 2545 321 2596 h.
331 2539 347 2596 J
351 2537 429 2596 ulius
442 2536 582 2616 diameter
596 2536 731 2614 equitum
744 2544 790 2599 est
802 2536 901 2597 dictus
912 2558 923 2608 ;
943 2537 1033 2597 simul
1054 2537 1179 2599 edicitur

184 2623 216 2676 et
224 2617 376 2697 justitium
390 2637 397 2674 ε
419 2635 516 2694 neque
540 2615 621 2676 aliud
634 2622 700 2675 totb
710 2619 783 2676 urbe
796 2616 853 2697 agi,
866 2634 954 2695 quam
965 2617 1078 2680 bellum
1092 2639 1130 2700 ap
1167 2650 1178 2664 ·

182 2697 243 2770 rari
258 2717 266 2754 r
289 2694 417 2776 cognitio
427 2696 597 2755 vacantium
611 2693 726 2753 militiae
740 2715 862 2762 munere
875 2704 943 2776 post
954 2698 1067 2758 bellum
1081 2641 1180 2758 dtuli·

182 2781 233 2834 tur
248 2796 257 2845 ;
277 2778 318 2834 ita
332 2773 413 2834 dubii
427 2793 545 2852 quoque
569 2771 716 2848 inclinant
729 2773 769 2832 ad
781 2775 901 2834 nomina
915 2775 1015 2835 danda
1027 2796 1038 2846 3
1060 2784 1090 2836 et
1104 2779 1179 2839 Her-

151 2872 153 2874 ·
183 2854 261 2996 qicis
274 2853 451 2932 Latinisque
465 2851 574 2912 milites
587 2851 746 2932 imperati3
766 2855 906 2936 utrinque
920 2856 1007 2918 enixe
1029 2857 1179 2918 obeditum

205 2934 322 2995 ictatori
336 2941 391 2994 est.
1073 2954 1077 2958 ·

224 3016 353 3074 XXVll.
376 3015 450 3075 Haec
464 3014 561 3074 omnia
575 3014 730 3076 celeritate
740 3005 853 3097 ingenti
867 3022 937 3076 acta
948 3037 957 3076 r
970 3017 1137 3098 relictoque
1146 3017 1179 3078 C.

183 3094 263 3158 Julio
273 3095 395 3156 consule
409 3095 448 3154 ad
458 3093 631 3174 praesidium
646 3095 735 3163 urbis
755 3104 788 3156 et
801 3097 838 3158 L.
850 3096 930 3156 Julio
942 3097 1083 3177 magistro
1098 3096 1179 3176 equi·

183 3185 249 3237 tum
263 3175 301 3234 ad
311 3173 407 3234 subita
420 3174 491 3238 belli
504 3170 678 3244 ministeria,
698 3195 736 3234 ne
748 3195 808 3252 qua
820 3194 879 3244 res,
902 3186 962 3254 qut
977 3176 1132 3267 eguissent
1150 3177 1181 3235 in

185 3254 300 3322 castris,
324 3262 495 3323 moraretur,
521 3253 660 3323 dictator,
679 3254 1180 3336 praeunteA.Cornel10pontilice

86 3373 100 3383 1-
182 3335 322 3400 maximo,
342 3335 428 3393 ludos
441 3352 563 3412 magnos
577 3332 724 3392 tumultus
738 3338 829 3394 causta
843 3335 925 3393 vovit
938 3355 947 3397 z
967 3335 1182 3415 profectusque

183 3417 219 3474 ab
243 3415 324 3482 urbe,
349 3412 444 3474 diviso
457 3433 525 3472 eum
549 3411 691 3484 Quinctio
710 3412 833 3473 consule
853 3414 998 3483 exercitu,
1020 3415 1059 3482 nd
1080 3415 1182 3476 hostes

205 3492 328 3556 ervenit
370 3492 455 3552 Sicut
468 3492 536 3556 bina
550 3499 648 3550 castra
671 3492 808 3561 bostium,
822 3512 922 3572 parvo
936 3495 1016 3554 inter
1029 3514 1062 3554 se
1084 3493 1182 3574 spatio

182 3515 335 3639 distantia,
348 3569 494 3640 viderant,
512 3570 568 3650 ipsi
582 3590 701 3649 quoque
715 3572 797 3636 mille
809 3571 901 3632 ferme
915 3592 1022 3652 passus
1035 3577 1074 3635 ab
1086 3573 1182 3642 hoste,

182 3653 311 3712 dictator
324 3649 466 3717 Tusculo,
480 3651 585 3708 consul
600 3651 747 3725 Lanuvio,
773 3652 939 3733 propiorem
953 3653 1050 3714 locum
1072 3653 1181 3713 castris

182 3739 336 3810 ceperunt.
376 3731 425 3788 lta
435 3735 561 3806 quatuor
572 3729 731 3800 exereitus,
742 3730 867 3797 totidem
876 3732 1071 3801 munimenta,
1082 3733 1181 3812 pleni·

181 3809 254 3872 tiem
268 3809 299 3868 in
316 3808 420 3876 medio,
447 3825 506 3865 nou
529 3806 627 3887 parvis
648 3808 737 3868 modd
757 3808 979 3873 excursionibus
1002 3811 1041 3870 ad
1062 3810 1182 3891 proelia,

165 3938 167 3941 ,
182 3887 237 3946 sed
257 3887 357 3948 velud
371 3885 562 3968 explicandas
575 3885 718 3969 utrinque
730 3887 811 3970 acies
823 3888 897 3950 setis
909 3896 1072 3972 patentem,
1089 3890 1182 3956 habe·
