2634 4392
144 304 244 361 mo
403 365 410 381 ‚
598 297 761 359 umvu
869 377 873 392 1

185 463 293 538 negata
306 457 361 536 Vej
366 457 484 518 entibus
497 457 619 534 auxilia,
628 461 791 538 jussusque
802 475 858 521 sus
869 455 992 529 consilio
1002 456 1189 522 bellumiui·

184 541 250 597 tnm
277 535 339 598 suis'
362 536 474 598 viribus
499 539 631 616 exsequi,
656 557 712 598 nec
726 537 918 598 adversarum
933 555 1033 596 rerum
1048 557 1188 615 quoerere

185 616 289 684 sociae,
314 633 383 676 cum
407 618 513 696 quibus
534 637 616 697 spem
629 616 775 697 integram
794 615 1005 679 communicati
1018 635 1081 675 non
1103 617 1186 678 sint:

183 701 247 754 tum
257 694 396 766 dictator,
410 717 448 756 ne
463 697 661 778 nequicquam
673 703 791 757 creatus
804 703 894 766 esset,
907 696 1033 756 materia
1043 717 1186 776 qnaeren-

183 771 230 834 dae
243 775 322 835 bello
335 774 435 857 gloriae
446 777 595 857 adempta,
608 776 640 836 in
654 796 728 858 pace
740 774 854 854 aliquid
869 775 966 857 operis
980 775 1083 845 edere,
1105 778 1188 856 qaod

182 861 408 916 monumentum
429 861 509 918 esset
521 857 690 926 dictaturae,
714 855 845 938 cupiens,
869 855 1026 916 censuram
1050 855 1187 919 adnuere

183 941 289 1013 parat:
310 953 366 1000 seu¹
376 935 498 998 nimiam
511 941 687 1016 potestatem
702 943 795 1005 ratus,
818 953 872 994 seu
886 955 946 996 non
960 940 1021 996 taur
1032 936 1186 1016 magnitu-

184 1012 255 1074 dine
275 1013 404 1087 honoris,
431 1017 519 1095 quim
541 1013 748 1085 diuturnitate,
773 1015 915 1077 offensus.
955 1014 1111 1086 concione
1129 1015 1185 1076 ita-

184 1111 244 1172 que
261 1093 407 1162 advocata
427 1095 674 1176 “rempublicam
689 1095 760 1156 soris
780 1095 973 1232 gerendam,”
1000 1095 1052 1174 ait,
1075 1101 1186 1156 “bria-

184 1191 245 1250 que
258 1175 357 1235 omnia
369 1175 549 1256 praestanda,
560 1174 640 1235 Deos
649 1175 785 1236 immorta
798 1195 830 1234 es
841 1175 1009 1254 suscepisse
1022 1194 1034 1232 r
1053 1194 1094 1244 se,
1105 1175 1187 1252 quod

183 1251 265 1314 intra
278 1273 377 1314 muros
389 1256 536 1336 agendum
547 1261 636 1323 esset,
650 1254 780 1314 libertati
793 1254 895 1334 populi
913 1253 1043 1313 Romani
1065 1255 1184 1314 consul·

183 1337 285 1392 turum
297 1353 307 1404 ;
326 1334 484 1396 maximam
495 1340 597 1396 autem
610 1336 675 1413 ejus
700 1333 867 1396 custodiam
880 1353 957 1402 esse,
970 1333 998 1393 si
1011 1333 1183 1415 magnaim·

183 1411 267 1491 peria
287 1412 429 1474 diuturna
451 1433 510 1475 non
530 1421 652 1483 essent;
672 1418 703 1473 et
722 1414 870 1494 ⁴temporis
891 1413 998 1473 modus
1018 1412 1183 1494 imponere·

182 1497 242 1560 tur,
253 1491 359 1570 quibus
368 1492 446 1571 juris
460 1492 572 1573 imponi
586 1513 647 1552 non
668 1500 779 1572 posset.
819 1492 905 1555 Alios
919 1492 1111 1574 magistratus
1130 1512 1184 1552 an·

181 1587 257 1643 nuos
278 1589 354 1639 esse,
383 1571 638 1651 quinquennalem
659 1584 835 1636 censuram:
856 1593 949 1653 gra-ve
975 1593 1050 1641 esse,
1077 1572 1185 1632 iisdem

120 1669 125 1677 ·
182 1669 237 1786 per
251 1655 296 1708 tot
309 1670 402 1710 annos
423 1659 532 1732 magnit
544 1657 630 1732 parte
650 1651 721 1712 vitae
743 1650 881 1713 obnoxios
895 1651 1023 1722 vivere;
1040 1671 1071 1712 se
1083 1651 1183 1731 legem
1232 1706 1233 1729 ἦ

190 1734 324 1802 uturum,
348 1751 387 1790 ne
401 1732 477 1812 plue,
489 1733 579 1810 quim
593 1751 693 1792 annua
706 1752 741 1793 ac
753 1731 914 1799 semestris,
928 1752 1056 1792 censura
1068 1732 1180 1792 esset.”
1232 1740 1233 1761 ²

183 1807 341 1869 Consensu
367 1811 481 1891 ingenti
510 1810 612 1892 populi
635 1811 731 1889 legem
752 1818 868 1889 postero
890 1810 940 1870 die
960 1811 1094 1890 pertulit
1132 1811 1181 1878 nt,

182 1894 291 1947 “utre
305 1889 404 1968 ipsass’
418 1889 525 1968 inquit,
539 1901 556 1925 ‘⁸
571 1889 682 1957 sciatis
697 1888 837 1961 QuiriteS,
850 1891 943 1968 quim
954 1888 1025 1948 mihi
1038 1890 1180 1950 diuturna

182 1983 243 2024 non
257 1966 397 2044 placeant
409 1967 449 2026 im
473 1968 542 2035 oria,
565 1967 715 2026 dictatura
730 1987 778 2027 me
792 1969 930 2028 abdico.'’
956 1968 1120 2048 ,Deposito
1133 1987 1181 2028 sne

182 2045 373 2125 magistratu,
388 2067 436 2106 mo
459 2067 476 2108 ο
500 2047 625 2106 aliorum
639 2046 825 2128 magistratui
839 2048 986 2129 imposito,
1011 2047 1075 2108 fine
1088 2048 1179 2117 alteri,

183 2143 252 2183 cum
265 2125 463 2206 gratulatione
477 2145 512 2186 ac
525 2125 626 2187 favore
640 2125 754 2205 ingenti
767 2128 869 2208 populi
883 2129 1002 2189 domum
1016 2134 1064 2188 est
1077 2128 1179 2190 reduc·
1232 2124 1234 2173 i

182 2207 241 2263 tus.
282 2206 431 2266 Censores
453 2207 531 2286 aegrl
551 2205 641 2287 passi,
661 2206 860 2278 Mamercum,
880 2208 1005 2286 qubdm
1043 2207 1177 2268 ‘stratum

181 2283 286 2364 populi
313 2286 440 2346 Romani
460 2286 628 2356 minuisset,
653 2286 734 2345 tribu
753 2294 920 2356 moverunt,
940 2295 1032 2368 octup
1046 2288 1179 2365 icatoque
1231 2294 1232 2337 l

184 2382 277 2422 censu
291 2367 429 2427 oerarinm
444 2367 604 2440 lecerunt;
625 2385 715 2444 quam
736 2385 800 2426 rem
826 2365 924 2457 ipsum
947 2367 1065 2447 ingenti
1085 2367 1181 2426 animo
1231 2376 1233 2415 ὲ

181 2443 288 2504 tulisse
309 2437 417 2513 ferunt,
446 2463 565 2506 causam
606 2445 686 2504 otius
706 2444 877 2525 ignomiurae
892 2444 1071 2516 intuentem,
1089 2445 1180 2524 quim
1231 2454 1233 2493 Ι

180 2519 394 2610 ignominiam
414 2523 558 2604 primores
597 2530 705 2594 atrum,
718 2543 890 2604 quanquam
908 2526 1097 2594 deminutum
1111 2545 1180 2586 cen·

180 2620 260 2663 snrae
271 2621 322 2683 jus
336 2603 512 2671 uoluissent,
535 2616 672 2696 exemplo
691 2605 863 2665 acerbitatis
877 2607 1179 2666 censorue‘ollensos:
1230 2656 1231 2669 ,

181 2681 291 2774 quippe
305 2701 396 2760 quum
411 2701 443 2742 se
458 2681 585 2759 quisque
598 2683 713 2743 diutius
724 2703 759 2742 ac
768 2685 882 2763 saepirls
896 2687 1064 2765 subjectum
1079 2704 1179 2746 censo·
1230 2700 1232 2738 t

181 2763 263 2822 rubus
276 2761 338 2820 sore
353 2766 499 2834 cerneret,
521 2762 611 2838 quim
625 2780 780 2824 censuram
792 2769 955 2842 gestumm.
994 2763 1105 2846 Populi
1119 2786 1177 2824 cer·
1230 2772 1232 2811 i

163 2908 167 2922 ,
181 2839 212 2900 te
225 2845 310 2900 tants
322 2836 486 2924 indignatio
501 2843 600 2898 coorta
613 2837 734 2910 dicitur,
758 2845 793 2900 ut
812 2841 859 2902 vis
874 2844 892 2901 ai
905 2845 1079 2905 censoribus
1093 2844 1179 2905 nulii-

181 2917 216 2979 us
238 2919 424 2991 auctoritate,
437 2923 638 3001 praeterquam
652 2919 747 3001 ipsius
760 2920 918 2992 Mamerci,
945 2923 1096 2986 deterreri
1115 2923 1179 3006 qui·

180 2997 267 3058 verit.
614 3037 617 3044 .
890 3041 893 3044 >

122 3129 123 3136 ,
193 3078 316 3148 ¹XXV.
337 3078 464 3152 Tribuni
493 3077 599 3159 plebis,
632 3077 761 3140 assiduis
784 3081 976 3143 concionibus
998 3083 1188 3164 prohibendo,
1229 3084 1231 3131 ἷ

180 3158 350 3219 consularia
371 3159 499 3228 comitia,
533 3177 604 3219 uum
618 3179 666 3219 res
679 3161 769 3249 prope
782 3160 821 3221 ad
834 3161 1040 3243 interregnum
1053 3165 1180 3243 perduc·

179 3242 213 3296 ta
226 3245 314 3308 esset,
326 3238 443 3300 evicere
456 3179 588 3310 tandem,
602 3245 636 3298 ut
649 3238 759 3297 tnauni
772 3238 901 3301 militum
915 3243 1069 3302 consulari
1083 3250 1181 3324 potes«
1228 3210 1229 3291 i

179 3319 243 3376 tate
255 3327 427 3380 crearentur
441 3339 449 3378 ε
469 3317 603 3378 vietoriae
618 3316 784 3398 praemium,
798 3321 879 3398 quod
892 3322 1060 3414 petebatur,
1073 3324 1180 3403 utple·
1228 3322 1230 3450 q

179 3395 264 3456 beius
278 3406 438 3469 crearetur,
451 3398 567 3458 nullum
579 3395 636 3456 fuit
650 3416 660 3465 ;
680 3417 782 3458 omnes
794 3401 914 3479 patricii
929 3400 1021 3462 creati
1034 3411 1118 3470 sunt,
1138 3400 1183 3460 M.

180 3473 289 3536 Fabius
303 3475 479 3548 Vibulanus,
492 3477 536 3536 M.
550 3475 680 3546 Fossius,
700 3477 738 3537 L.
759 3474 881 3562 Sergius
901 3481 1041 3540 Fidenas.
1082 3480 1181 3540 Pesti-

178 3555 274 3617 lentia
288 3576 322 3616 eo
335 3575 414 3618 anuo
432 3557 558 3618 aliarum
572 3577 669 3616 rerum
681 3556 772 3617 otium
807 3557 933 3631 raehnit3
954 3559 1030 3621 aedis
1042 3557 1181 3640 Apollini

177 3654 231 3716 pro
245 3637 417 3697 valetudine
437 3637 539 3719 populi
562 3643 631 3696 vota
652 3642 721 3706 est}
740 3579 836 3696 multa
858 3639 1009 3699 duumviri
1022 3659 1061 3698 ex
1082 3637 1179 3706 libris,

176 3714 333 3792 placandae
348 3715 447 3776 Deum
459 3715 524 3784 irae,
546 3715 808 3794 avertendaeque&
828 3718 936 3796 populo
956 3717 1050 3800 pestis
1071 3726 1179 3785 causi,
1227 3662 1229 3767 i

177 3789 299 3853 fecere:
320 3813 426 3875 magna
448 3799 549 3854 tamen
570 3793 673 3856 clades
699 3794 730 3854 in
753 3796 825 3855 urbe
838 3795 986 3878 agrisque,
1006 3796 1179 3877 promiscue
1226 3872 1227 3877 η

104 3937 107 3944 ,
177 3867 328 3933 bominum
340 3890 541 3957 pecorumque
561 3873 703 3957 pernicie,
715 3878 862 3960 accepta-3
880 3875 990 3940 famem
1010 3876 1180 3938 cultoribus
