2634 4392
494 293 501 303 '
543 296 673 380 ιιιιιιιι
686 298 746 361 ιιι.
1083 304 1140 365 ιιι
1213 300 1214 303 ‘

151 461 260 523 lirnnta
279 461 338 522 site
359 466 392 521 et
411 458 573 541 appellatio
595 458 827 539 provocatioque
849 456 989 520 adversus
1002 457 1141 539 injuriato

150 541 368 657 perpetraturum
381 546 531 621 ostentatu
544 542 662 602 tantdm
675 539 814 601 inanibus
825 538 930 608 literis,
943 541 1140 601 antecedam

149 633 192 681 nt.
683 652 686 661 ·

185 703 283 764 LVII.
303 702 417 763 Contra
435 722 472 762 ea
492 701 654 795 Virginius,
670 713 770 761 uuum
792 699 850 779 Ap.
864 698 1024 760 Claudium
1045 706 1077 760 et
1095 700 1140 761 le·

148 803 209 863 prm
233 789 387 862 expertem
417 788 447 841 et
477 781 575 841 civilis
596 788 629 841 et
642 780 764 841 bumoni
783 778 905 841 foederis
929 798 1004 849 esse,
1036 778 1140 841 aiebat.

147 863 367 945 “despicerent
392 862 524 921 tribunal
545 861 687 930 nomines,
714 858 871 921 castellum
892 859 1024 919 omnium
1045 862 1141 920 scele-

148 962 225 1002 rum:
246 942 297 1002 ubi
311 941 465 1002 decemuir
477 940 529 1000 ille
543 949 713 1022 perpetuus,
727 939 827 1008 bonis,
839 945 930 1022 tergo,
945 940 1082 1021 sanguini
1098 941 1142 1000 ci·

147 1023 221 1082 rium
237 1020 374 1092 infestus,
387 1024 486 1100 virgus
499 1040 679 1100 securesque
690 1020 826 1080 omnibus
839 1018 990 1088 minitans,
1011 1022 1141 1081 Deorum

147 1101 352 1181 hominumque
368 1108 553 1183 contemptor
564 1122 574 1173 3
595 1099 793 1169 carnificibus,
814 1120 875 1159 non
896 1100 1060 1169 lictoribus,
1087 1102 1142 1161 sti-
1212 1154 1213 1157 ,

144 1190 237 1263 potus,
259 1186 323 1263 pin
343 1185 381 1243 sb
393 1180 507 1263 rapinis
520 1188 551 1241 et
565 1181 698 1241 coedibus
713 1180 811 1241 animo
824 1180 862 1239 ad
877 1178 1030 1241 libidinem
1044 1197 1139 1252 verso,

145 1262 285 1344 virginem
298 1263 455 1343 ingenuam
467 1260 498 1321 in
512 1260 722 1341 oculis'populi
737 1260 871 1329 Romani,
886 1259 969 1319 velut
979 1260 1058 1321 bello
1070 1280 1141 1399 cap·
1177 1308 1180 1313 .

143 1347 211 1412 tam,
225 1346 263 1402 ab
277 1344 432 1422 complexu
446 1342 539 1422 patris
552 1344 713 1421 abreptam,
728 1339 862 1399 ministro
877 1338 1005 1404 cubiculi
1018 1339 1064 1400 sui
1086 1341 1114 1399 cl
1129 1375 1141 1389 -

143 1423 204 1481 enti
217 1422 297 1481 dono
310 1423 435 1483 dederit.
476 1422 536 1480 Ubi
556 1420 671 1481 crudeli
691 1418 812 1481 decreto
833 1418 1029 1500 nefandisque
1042 1420 1140 1481 vindi-

142 1503 195 1560 ciis
210 1502 361 1575 dexteram
377 1501 467 1582 patris
480 1500 511 1560 in
525 1500 618 1561 tiliam
631 1494 811 1561 armaverit:
832 1500 891 1569 ubi,
911 1501 1052 1561 tollentes
1074 1519 1140 1563 cor·

142 1602 195 1661 pus
209 1580 381 1642 semianime
402 1580 533 1663 virginis,
560 1599 701 1661 sponsum
722 1580 961 1659 avunculumque
986 1602 1017 1641 ιιι
1038 1596 1140 1643 carce·

143 1681 202 1721 rem
223 1661 295 1720 duci
305 1662 458 1741 jusserit;
477 1667 579 1741 stupro
600 1658 791 1739 interpellato
814 1658 916 1739 magis,
943 1663 1033 1738 quim
1055 1662 1139 1722 crede

142 1749 259 1813 motus;
280 1750 311 1800 et
330 1742 375 1799 illi
397 1758 547 1799 carcerem
562 1735 744 1800 reedificatum
758 1756 833 1807 esse,
876 1739 935 1798 uod
955 1738 1137 1801 domicilium

143 1821 234 1899 plebis
258 1823 400 1880 Romanae
421 1838 529 1879 vocare
553 1818 592 1878 sit
613 1817 727 1877 solitus
768 1760 906 1888 Proinde,
918 1826 951 1879 ut
964 1820 1016 1879 illo
1030 1822 1139 1882 iterum

142 1921 173 1961 ac
189 1900 298 1995 sepiis
314 1907 462 1979 provocet,
476 1898 519 1959 sic
534 1918 565 1960 se
578 1898 687 1959 iterum
699 1918 733 1957 ac
746 1896 857 1977 saepids
865 1899 1000 1979 judicem
1020 1900 1065 1961 illi
1079 1902 1140 1961 fer·

141 2000 181 2049 re,
203 2000 237 2039 m
250 1980 396 2039 vindicias
409 1982 445 2039 ab
459 1979 595 2039 libertate
608 1979 638 2038 in
655 1978 829 2039 servitutem
844 1978 979 2049 dederit3
1000 1981 1026 2039 si
1040 1982 1078 2040 ad
1088 1984 1138 2061 jn-

141 2060 240 2118 dicem
254 2078 314 2118 non
333 2064 391 2128 eat,
413 2080 468 2139 pro
480 2059 621 2118 damnato
643 2058 676 2117 in
696 2057 817 2118 vincula
837 2058 906 2119 duci
917 2060 1055 2139 J'ubere.”
1097 2062 1139 2122 Ut

139 2138 219 2199 baud
230 2157 380 2217 quoquam
390 2136 581 2217 improbante,
593 2137 635 2205 sic
647 2156 753 2219 magno
762 2145 842 2198 motu
859 2138 1032 2210 animorum,
1046 2160 1139 2219 quum

141 2217 218 2278 tanti
234 2217 289 2276 viri
303 2217 449 2299 supplicio
462 2223 578 2277 suomet
598 2213 678 2298 plebi
693 2220 756 2297 jam
776 2217 867 2279 nimia
887 2218 1008 2282 libertos
1023 2220 1140 2282 videre-

102 2360 105 2365 ,
139 2306 196 2368 tur,
210 2299 242 2357 io
257 2316 408 2357 oar-cerem
422 2304 468 2357 est
493 2300 667 2378 conjectus3
689 2297 872 2358 tribunus‘ei
896 2298 975 2359 diem
999 2300 1139 2380 prodixit.

141 2379 223 2438 lnter
237 2378 301 2438 baec
315 2379 352 2436 nb
369 2377 486 2438 Latinis
504 2386 536 2437 et
556 2377 696 2437 Hernicis
710 2378 800 2459 legati
819 2379 999 2458 gratulatum
1013 2380 1052 2440 de
1066 2398 1140 2441 con·

142 2458 241 2518 cordia
266 2458 388 2517 Petrum
412 2478 446 2517 ac
465 2457 562 2538 plebis
576 2458 701 2517 Musam
723 2464 890 2529 venerunt3
910 2460 1081 2540 donumque
1102 2464 1139 2523 ob

142 2558 203 2599 eam
217 2536 285 2608 lovi
298 2536 411 2617 optimo
422 2538 551 2597 marimo
564 2554 701 2597 coronam
716 2556 834 2598 auream
850 2538 880 2597 in
895 2538 1076 2621 Capitolium
1089 2548 1138 2602 tu-

140 2617 200 2677 lere
210 2617 295 2698 parvi
310 2616 459 2696 ponderis,
472 2623 558 2697 prout
574 2631 623 2676 res
634 2616 714 2675 houd
728 2618 878 2698 opulentes
890 2629 985 2689 erant,
998 2622 1138 2683 coleban-

140 2704 246 2778 turque
259 2697 415 2777 religiones
429 2698 476 2778 pii·
486 2695 587 2778 magis.
601 2696 869 2778 quim-magnifice.
908 2700 1020 2761 Iisdem
1034 2702 1139 2765 aucto-

140 2779 217 2838 ribus
243 2778 392 2857 eognitum
413 2786 481 2846 est,¹
497 2778 614 2857 AEquos
637 2777 822 2867 Volscosque
845 2779 960 2841 summi
974 2780 1004 2839 vi
1024 2784 1138 2845 bellum

141 2876 291 2936 apparare.
332 2858 439 2934 ltaque
460 2858 565 2936 partiri·
570 2857 743 2992 provincius
757 2859 896 2919 consules
911 2859 998 2941 jussi.
1039 2864 1138 2926 Horo-

140 2939 179 2995 tio
194 2936 307 3004 Sabini,
318 2934 448 2993 'Valerio
461 2935 556 3013 AEqui
598 2936 732 3013 olscique
759 2956 894 2998 evenere.
936 2941 1033 3013 Quum
1048 2943 1086 3002 od
1101 2965 1137 3005 eo

141 3018 215 3077 bella
229 3017 382 3076 delectum
397 3013 571 3083 edixissent,
593 3014 694 3075 lavore
714 3014 808 3095 plebis
823 3036 880 3077 non
890 3020 1027 3098 juniores
1039 3024 1137 3093 modio,

141 3098 191 3155 sed
204 3096 336 3156 emeritis
354 3093 445 3155 etiarn
459 3093 625 3174 stipendiis,
639 3114 708 3174 pars
722 3114 828 3176 magna
841 3096 1083 3171 voluntariorum,
1098 3103 1138 3165 ad

139 3178 260 3236 nomina
271 3176 370 3235 dando
383 3197 419 3255 pr
428 3184 494 3235 esto
508 3175 611 3245 fuere;
631 3193 726 3254 eoque
742 3194 800 3237 nou
815 3176 901 3257 cupit
914 3179 1003 3239 modb
1018 3182 1071 3241 sed
1085 3200 1137 3264 ge-

137 3276 209 3315 nere
225 3256 312 3314 etiam
323 3255 458 3324 militum,
472 3255 620 3315 veteranis
633 3254 779 3324 admistis,
789 3254 900 3317 firmior
912 3260 1060 3321 exercitus
1071 3262 1137 3325 fuit.

139 3336 316 3413 Priusquam
328 3339 431 3395 urbem
446 3334 666 3416 egrederentur,
688 3335 769 3416 leges
784 3336 1007 3410 decemvirales,
1027 3342 1136 3420 quibus

138 3424 157 3451 ‘⁴
166 3416 275 3479 tubulis
289 3415 468 3475 duodecim”
483 3423 529 3473 est
543 3434 660 3485 nornen,
673 3416 705 3474 in
716 3436 756 3475 aes
770 3416 880 3477 incisas
894 3419 1057 3501 in'publico
1068 3434 1137 3502 prb·

141 3501 313 3573 posuerunt
353 3497 439 3563 Sunt,
466 3494 517 3574 qui
533 3495 621 3574 jussu
635 3496 820 3557 tribunorum
845 3498 949 3559 aediles
963 3500 1081 3563 functos
1102 3524 1137 3563 eo

143 3574 307 3634 ministerio
320 3575 459 3635 scribant.

184 3654 300 3713 LVlll.
321 3653 357 3712 C.
367 3654 521 3722 Claudius,
537 3652 611 3733 (qui,
623 3674 747 3735 perosus
766 3654 1000 3719 decemvirorum
1015 3662 1138 3734 scelera,

143 3740 174 3793 et
187 3744 256 3793 ante
267 3753 369 3793 omnes
383 3732 483 3794 fratris
496 3734 551 3793 filii
566 3736 713 3814 superbiae
727 3735 865 3808 infestus,
878 3739 1038 3819 Regillum,
1059 3742 1138 3803 anti·

141 3832 229 3890 qoam
243 3813 274 3871 in
287 3813 423 3893 patrium,
439 3834 472 3875 se
486 3814 665 3895 contulerat)
689 3814 715 3875 is
728 3834 834 3897 magno
853 3821 917 3898 jam
941 3825 1024 3891 natu,
1045 3842 1138 3901 quum

143 3892 183 3952 ad
201 3892 334 3973 pericula
353 3894 419 3973 ejus
438 3894 627 4033 deprgcanda
647 3896 786 3965 redisset,
810 3916 895 3978 cupos
918 3898 992 3963 titia
1011 3900 1142 3985 fugerat,
