2634 4392
572 284 776 351 Lissum.
1093 282 1150 339 ,12

172 448 263 509 solum
276 446 356 512 intra
367 466 469 512 muros
480 451 537 517 est,
551 446 604 507 sod
626 447 658 507 iu
667 466 741 508 erne
760 461 850 525 sopra
861 443 958 505 torum
972 439 1146 519 curiamque

170 530 287 595 comitia
302 529 429 594 iuterim*
445 528 478 587 in
503 528 568 587 foro
581 534 674 596 sunt3
705 531 827 587 senatus
840 525 873 585 in
887 523 969 583 curis
992 528 1058 589 est;
1079 520 1163 579 velut

169 628 261 687 quum
270 609 364 669 otium
378 614 508 689 superet,
522 616 641 667 senator
653 607 833 669 sententium
853 604 945 674 dicit;
965 603 1016 663 clii
1031 598 1172 679 Quirites,

169 686 229 749 soff
277 688 338 749 ‘um
358 688 473 749 ineunt.
525 684 765 766 Non,quioquid
786 688 907 747 Petrum
930 682 1082 764 plebisque
1107 683 1167 745 est,

168 786 255 828 consu
287 788 312 838 s,
325 768 470 837 tribunos,
483 769 573 837 Deos,
595 767 791 845 hominesque
812 786 918 826 ⁴ornnes
934 770 1061 825 orinatos
1075 778 1163 849 opem

169 846 254 917 ferre,
277 848 311 908 in
332 848 379 909 Cu
398 847 514 910 itolium
534 866 665 915 currere,
675 846 802 906 liberere
815 866 852 915 ¹uc
866 864 975 925 pecore
988 840 1149 922 augustos

170 946 243 989 mum
269 927 352 989 illum
378 868 499 987 loreum
523 927 608 988 loris
633 924 738 1006 optimi
752 923 872 985 maximi
892 923 1016 985 decuit?
1037 917 1164 981 Romule

203 1014 258 1077 ter,
269 1012 305 1067 tu
320 1013 450 1069 mentem
464 1020 555 1076 tuum,
575 1012 637 1085 qut
650 1005 801 1084 quondum
815 1024 923 1073 arcem,
933 1007 974 1063 ub
986 1000 1031 1063 bis
1054 998 1164 1061 iisdem

222 1088 288 1148 inos
301 1108 373 1148 auro
387 1093 514 1167 coptum,
528 1084 678 1167 recepisti,
691 1086 731 1146 du
744 1084 829 1165 stirpi
840 1091 901 1167 tuse
914 1104 923 1143 ι
938 1085 1011 1163 jube
1024 1081 1101 1145 hunc
1114 1078 1163 1137 in-

213 1166 246 1227 di
258 1167 348 1238 rium,
360 1186 452 1247 quam
464 1173 498 1227 tu
510 1166 583 1235 dux,
595 1186 687 1245 quum
701 1172 771 1227 tuus
784 1164 935 1245 ingressus
946 1160 1096 1223 exercitus
1107 1163 1163 1219 est.

162 1186 292 1317 {limus
325 1268 372 1316 en,
404 1267 471 1329 ego¹
491 1246 609 1316 consul,
641 1252 788 1325 quantum
809 1243 942 1305 mortalis
976 1242 1075 1303 Deum
1116 1258 1163 1299 os·

162 1344 237 1395 sum,
257 1333 299 1397 te,
318 1347 354 1387 ec
366 1332 419 1388 tuo
431 1325 559 1409 vestigio
583 1326 724 1405 nequer-'⁹
766 1324 912 1385 Ultimum
933 1320 1074 1385 orationis
1128 1318 1163 1388 it,

160 1407 229 1465 “Se
242 1426 573 1487 armscupere,vocore
597 1426 701 1467 omnes
714 1405 846 1479 Quirites
860 1404 898 1465 ad
919 1422 1021 1474 ermes
1054 1399 1162 1479 siquis

156 1484 315 1564 impediat,
324 1487 388 1565 jam
400 1506 433 1547 se
446 1485 612 1549 consularis
625 1485 752 1566 imperii,
768 1487 831 1564 jam
845 1482 1014 1545 tribuniciae
1028 1485 1162 1575 potestu-

159 1564 198 1624 tis
213 1572 456 1645 sacratarumque
470 1567 569 1648 legum
580 1564 715 1633 oblitum,
725 1564 861 1645 quisquis
869 1564 921 1624 ille
932 1562 981 1632 sit,
989 1564 1162 1638 ubicunque

161 1644 207 1712 sit,
220 1644 253 1703 io
268 1645 428 1726 Capitolio,
440 1647 472 1705 in
486 1647 557 1713 lom,
568 1666 622 1725 pro
634 1645 719 1705 hoste
732 1644 910 1704 habiturum.
949 1644 1093 1703 luberent
1106 1639 1162 1699 tri·

161 1723 241 1794 boni,
254 1724 396 1803 quonium
408 1724 441 1783 in
465 1727 524 1805 Ap.
540 1724 727 1784 Herdonium
739 1728 886 1794 veterent,
907 1724 938 1783 in
952 1724 986 1783 Ρ.
1007 1720 1162 1783 Valerium

160 1805 314 1866 consulem
327 1803 405 1865 sumi
417 1824 516 1865 armo:
537 1824 679 1865 ausurum
692 1822 725 1865 se
739 1803 769 1863 in
783 1802 919 1873 tribunis,
928 1800 1010 1881 quod
1021 1800 1161 1881 princepe

159 1884 281 1945 familioe
308 1903 373 1944 suae
386 1903 476 1945 ausus
489 1884 521 1943 in
544 1884 662 1964 regibus
676 1885 787 1945 esset”
838 1883 906 1943 Vim
919 1883 1055 1945 ultimum
1068 1900 1161 1961 appu·

159 1967 243 2024 rebut
254 1964 395 2034 futurum,
412 1966 644 2044 spectaculoque
658 1962 833 2025 seditionem
849 1966 1014 2027 Romanum
1026 1961 1161 2021 hostibus

157 2044 222 2103 lore
234 2065 244 2113 3
265 2063 321 2103 nec
335 2045 386 2102 lex
398 2050 499 2103 tumen
511 2044 592 2113 ferri,
614 2064 671 2104 nec
684 2045 727 2105 ire
741 2043 773 2103 in
796 2043 977 2135 Capitolium
990 2040 1092 2103 consul
1107 2060 1162 2121 po*
1211 2042 1212 2049 ’

155 2123 235 2192 tuit;
256 2121 782 2204 noxcerteminucoeptuoppressit3
814 2122 926 2183 tribuni
937 2141 1053 2187 cessere
1067 2120 1160 2190 nocti,

157 2202 302 2262 timentes
315 2201 471 2261 consulum
484 2220 575 2261 ormo.
605 2208 615 2223 ”’
629 2201 749 2261 Amotis
761 2200 832 2261 inde
847 2201 1003 2263 seditionis
1030 2201 1161 2262 auctori·

158 2283 222 2351 bus,
237 2282 344 2341 Petrus
356 2280 515 2341 circumire
527 2281 654 2362 plebem,
675 2278 898 2359 inferentesque
910 2301 944 2341 se
969 2280 1002 2341 iu
1022 2280 1161 2352 circulos,

157 2380 308 2421 sermones
319 2361 446 2441 tempori
456 2368 541 2441 aptos
552 2378 685 2421 serrere=
705 2360 874 2431 admonere,
886 2371 904 2397 “
914 2360 958 2420 Ut
968 2359 1116 2431 riderent,
1126 2361 1159 2427 iu

156 2442 235 2519 qood
249 2440 410 2501 discrimen
431 2441 644 2522 rempublicam
665 2440 858 2501 adducerent.
898 2440 968 2501 Non
988 2440 1068 2501 inter
1087 2443 1159 2506 Pat-

157 2540 187 2581 es
200 2542 237 2583 uc
251 2522 370 2601 plebem
380 2526 532 2582 certamen
545 2540 622 2590 esse,
632 2521 688 2581 sed
699 2520 787 2581 simul
798 2521 904 2581 Patres
914 2521 1098 2601 plebemque,
1110 2542 1159 2583 or·

159 2621 222 2661 cem
242 2600 333 2669 urbis,
360 2600 473 2681 templu
498 2602 639 2670 Deorum,
665 2606 790 2681 periotes
814 2600 946 2681 publicos
967 2600 1159 2683 privatosque

159 2680 289 2742 hostibus
310 2680 413 2742 dedi.”
454 2682 535 2741 Dum
554 2681 620 2741 baec
634 2680 667 2743 in
680 2680 743 2741 foro
758 2680 899 2741 sedondoe
913 2680 1071 2742 discordiae
1084 2704 1158 2745 cnu-

156 2767 341 2843 eliguntur,
361 2761 500 2821 consules
520 2761 651 2831 interim,
671 2781 711 2823 ne
738 2760 848 2830 Sabini,
868 2778 907 2823 ne
931 2761 1044 2843 Veiens
1062 2762 1158 2827 hostis

155 2848 332 2910 moreretur,
345 2841 426 2901 eirca
437 2848 538 2923 portus
551 2860 714 2921 murosque
727 2840 936 2903 discesserant.
995 2892 999 2909 ,

194 2921 314 2983 xv111.
334 2920 450 2982 Eddem
471 2927 560 2981 nocte
579 2927 611 2981 et
624 2921 791 2999 Tusculum
812 2921 851 2983 de
864 2940 933 2983 erce
953 2928 1050 3003 coptu,
1064 2922 1157 3004 Copi-

157 3000 286 3081 tolioque
299 3006 456 3080 occupato,
482 3007 513 3061 et
533 2998 733 3061 alioturbstae
749 3000 830 3061 urbis
851 3006 932 3061 stetu
947 3001 1049 3063 nuncii
1069 3004 1156 3063 reni·

157 3090 217 3140 unt.
256 3082 295 3141 L.
317 3079 473 3140 Mamilius
493 3080 622 3139 Tusculi
640 3084 705 3139 tum
725 3079 854 3141 dictator
874 3087 960 3151 erst;
980 3081 1015 3150 is,
1035 3081 1154 3144 coufes-

155 3159 207 3217 tim
226 3166 388 3220 convocato
415 3165 530 3229 senatu,
564 3164 659 3238 utque.
676 3158 855 3220 introductis
885 3161 1012 3231 nunciis,
1046 3182 1153 3245 magno

155 3258 243 3317 opere
256 3246 368 3309 censet,
388 3240 464 3299 “Ne
478 3245 664 3321 exspectent,
690 3238 762 3299 dum
775 3242 812 3300 ab
826 3240 921 3301 Roma
941 3241 1041 3322 legati,
1055 3244 1152 3307 uuxil·

156 3316 215 3377 ium
227 3326 373 3399 petentes,
385 3320 528 3381 veniant:
561 3319 726 3401 periculum
747 3320 844 3399 ipsum
866 3320 1095 3402 discrimenque,
1115 3345 1152 3384 ue

156 3399 280 3458 sociales
292 3400 383 3469 Deos,
403 3399 555 3479 fidemque
574 3400 722 3461 foederum
736 3400 766 3459 id
781 3420 914 3482 poscere.
968 3403 1151 3469 Demerendi

156 3477 296 3539 beneflcio
308 3486 368 3539 tom
394 3486 558 3561 potentem,
590 3487 651 3541 tum
673 3480 869 3561 propinquum
889 3480 1052 3552 civilatem,
1072 3504 1151 3543 nun-

155 3574 240 3632 quam
253 3578 355 3637 parem
368 3559 555 3620 occisionem
569 3559 691 3620 daturos
705 3562 818 3621 Deos?
860 3562 964 3622 Plucet
983 3562 1054 3623 ferri
1075 3582 1149 3624 aux·

155 3632 255 3709 ilium3
283 3638 427 3717 juventus
448 3639 652 3711 conscribitur,
676 3660 759 3700 orma
778 3640 908 3712 deutur3
941 3643 1067 3703 Remum
1087 3643 1148 3722 pri·

156 3731 201 3774 mo
223 3717 292 3779 luce
318 3718 482 3790 venientes,
515 3722 619 3800 procul
656 3720 789 3801 speciem
824 3721 951 3781 hostium
986 3726 1148 3802 prebuere.

157 3793 246 3874 AEqui
258 3805 312 3859 eut
325 3798 427 3859 Volsci
441 3799 542 3861 venire
556 3799 612 3860 risi
625 3807 717 3869 sunt3
737 3798 858 3871 deinde,
871 3800 921 3861 ubi
934 3820 1029 3883 vnn-us
1052 3810 1149 3865 terror

157 3874 361 3961 abiituccepti
385 3878 542 4020 inurberp:
552 3880 681 4019 2ugrriioe
705 3879 845 3945 intorem
865 3881 1075 3955 descendunts
1107 3883 1149 3947 ilii
