2634 4392
530 366 729 439 LIBERW.
894 327 917 464 *⁸
1016 339 1128 438 ⁴ns

138 531 221 598 annis
233 531 363 614 pessimo
373 529 508 612 exemplo
521 531 649 612 publico,
668 550 742 591 curn
758 535 875 604 summa
886 529 996 611 injuria
1009 531 1132 612 plebis?
1221 564 1222 593 ι

1217 151 1223 309 l

1221 314 1223 349 l

1221 362 1222 399 l

1220 442 1223 479 l

1220 520 1223 555 l

138 619 184 676 An
197 634 262 675 esse
276 613 339 672 ulla
362 613 454 692 major
469 619 520 672 aut
540 611 708 692 insignitior
722 604 901 685 contumelia
915 617 1021 690 potest,
1041 615 1133 692 quim
1221 638 1222 681 ι

155 702 244 768 artem
270 691 415 760 civitatis,
436 692 520 752 velut
542 692 785 760 contaminatam,
806 690 958 772 indignam
985 694 1133 754 connubio
1221 702 1222 739 3

135 717 261 835 laberii
282 772 375 848 ‚Quid
388 777 436 832 est
449 771 541 840 aliud,
555 773 645 850 quim
657 770 793 833 exsilium
803 769 883 831 intra
893 768 998 830 eadem
1012 773 1136 846 menia,
1221 822 1222 839 2

136 856 223 934 quim
234 851 445 934 relegationem
456 851 541 933 parit
563 871 565 874 ·
583 851 632 910 Ne
643 850 846 920 affinitatibus,
856 870 895 911 ne
905 849 1133 1004 pmpilnquitati·
1220 862 1223 913 t

134 937 185 995 bus
200 932 430 1001 immisceamur,
443 937 571 1002 cavent3
590 951 629 990 ne
643 932 774 994 societur
782 929 911 1011 sanguis.
963 999 966 1005 ,
986 994 989 1005 ¹

1000 931 1133 993 ii'hoc
1221 934 1222 1013 ξ

135 1015 158 1074 si
170 1013 277 1095 polluit
290 1012 474 1072 nobilitatem
487 1010 576 1074 istam
591 1017 740 1080 vestram,
753 1029 844 1089 qnam
864 1009 1001 1091 plerique
1014 1011 1134 1073 oriundi
1221 1018 1222 1097 l

135 1115 168 1154 ex
182 1093 309 1155 Albanis
330 1099 360 1154 et
374 1089 499 1160 Sabinis,
515 1111 572 1151 non
584 1111 695 1184 genere
709 1110 765 1150 nec
779 1090 932 1170 sangnine,
949 1090 1002 1150 s'ed
1014 1111 1070 1171 per
1083 1113 1133 1151 co·

134 1173 313 1253 optationem
326 1172 357 1233 in
379 1175 484 1234 Patres
505 1171 628 1240 habetis,
650 1176 703 1231 ant
716 1173 753 1230 ab
767 1171 882 1251 regibus
896 1167 977 1238 lecti,
1001 1179 1053 1230 aut
1065 1178 1134 1251 post
1221 1166 1222 1233 ι

134 1274 217 1346 reges
231 1260 351 1314 exactos
367 1255 454 1335 jussu
462 1250 571 1333 populi
584 1271 595 1321 ·;
616 1250 764 1311 sinceram
791 1270 909 1310 servare
923 1247 1046 1330 privatis
1060 1271 1133 1312 con·
1221 1262 1222 1307 ζ

135 1333 205 1394 siliis
228 1353 288 1392 non
302 1331 454 1414 poteratis,
476 1351 533 1391 nec
557 1329 696 1391 ducendo
716 1350 752 1392 ex
773 1330 871 1410 plebe,
895 1349 995 1409 neque
1018 1337 1133 1392 vestras
1221 1330 1222 1335 ’

135 1413 210 1473 filias
232 1429 415 1492 sororesque.
426 1414 554 1472 enubere
576 1410 701 1470 sinendo
722 1409 916 1487 &Patribusi
957 1411 1054 1470 Nemo
1069 1411 1134 1492 ple·

133 1493 222 1552 beius
230 1490 364 1572 patriciae
377 1489 485 1571 virgini
504 1489 565 1552 rim
585 1491 724 1568 afferret3
743 1489 935 1570 patriciorum
962 1489 1022 1551 ista
1042 1485 1134 1550 libido
1221 1524 1222 1527 κ

135 1580 178 1633 est
192 1592 203 1643 3
225 1589 314 1632 nemo
330 1569 457 1640 invitum
471 1569 638 1650 pactionem
652 1569 816 1649 nuptialem
840 1590 1021 1649 quemquam
1033 1569 1133 1631 facere
1221 1568 1222 1637 l

134 1649 303 1732 coegisset.v
328 1650 441 1710 Verum
457 1651 623 1711 enimvero
637 1651 703 1728 lege
719 1648 749 1706 id
767 1647 923 1729 prohiberi,
937 1656 969 1708 et
990 1650 1133 1709 connubi·
1221 1648 1222 1671 ³

134 1750 179 1792 nm
195 1729 263 1792 tolli
277 1731 400 1792 Patrum
415 1749 450 1788 ac
464 1729 569 1808 plebis,
589 1728 620 1791 id
643 1729 763 1786 demum
785 1727 1030 1788 contumeliosum
1054 1729 1133 1808 plebi

135 1817 200 1882 est;
222 1829 276 1870 cnr
296 1809 378 1876 enim.
390 1827 448 1868 non
463 1807 614 1876 confertis,
636 1827 675 1866 ne
696 1809 735 1866 eit
750 1806 927 1866 connubium
942 1807 1083 1885 divitibus
1097 1829 1133 1870 ac
1221 1828 1222 1883 ξ

133 1888 335 2027 pauperibus?
376 1885 462 1961 Quod
477 1887 657 1979 privatorum
680 1886 870 1952 consiliorum
893 1878 1002 1966 ubique
1017 1908 1135 1968 semper

145 1970 199 2039 nit,
212 1975 255 2039 ut,
276 1967 307 2028 in
317 1975 417 2047 'quarn
438 1985 546 2045 curque
560 1965 680 2026 feminee
694 1967 885 2027 convenisset
898 1967 1028 2036 donnum,
1041 1971 1134 2030 nube·

133 2057 200 2110 reta
221 2069 259 2107 cx
282 2067 342 2126 qna
354 2053 460 2127 pactus
482 2054 562 2118 esset
574 2045 621 2104 'vir
634 2046 731 2114 domo,
754 2047 785 2105 in
797 2047 1017 2109 matrimonium
1041 2049 1134 2109 duce·
1221 2076 1222 2079 ¹

132 2133 205 2196 ret3
225 2126 257 2184 id
281 2145 334 2199 yos
355 2123 408 2184 sub
430 2123 503 2206 legis
520 2125 737 2207 superbissimae
750 2126 871 2186 vincula
891 2125 1050 2218 conjicitis,
1073 2133 1134 2206 qut
1221 2124 1222 2181 l

132 2202 282 2264 dirimatis
295 2203 466 2266 societatem
482 2203 610 2270 civilem,
624 2203 758 2281 duasque
772 2224 809 2263 ex
821 2224 883 2267 nna
897 2211 1027 2266 civitate·
1041 2206 1133 2268 facia·

133 2285 180 2344 tis.
219 2283 287 2343 Cur
302 2299 361 2346 non
374 2282 507 2351 sancitis,
529 2303 568 2342 ne
591 2281 707 2342 vicinus
720 2281 845 2374 patricio
866 2281 905 2342 sit
917 2284 1075 2362 plebeius?
1096 2308 1135 2349 ne
1221 2288 1222 2297 ’

135 2365 239 2426 eodem
260 2361 366 2423 itinere
383 2363 461 2432 ,eati
481 2383 519 2423 ne
542 2361 622 2422 idem
631 2381 811 2421 ,convivium
833 2362 939 2422 ineat?
959 2383 998 2423 ne
1017 2363 1050 2422 in
1070 2364 1134 2426 foro

136 2445 238 2506 eodem
252 2443 417 2504 consistat?
459 2442 537 2516 Quid
550 2444 629 2503 enim
642 2439 674 2501 in
689 2463 722 2502 re
733 2441 879 2509 estaliud,
890 2441 915 2502 si
926 2443 1071 2523 plebeiam
1082 2466 1135 2525 pa·
1221 2458 1222 2477 ι

135 2521 239 2585 tricius
259 2523 387 2596 dulserit,
409 2522 435 2584 si
461 2521 615 2603 patriciam
639 2521 798 2601 plebeius?
817 2521 890 2614 quid
912 2523 991 2602 juris
1014 2524 1136 2588 tandem
1221 2550 1222 2589 3

136 2603 291 2665 mutaturi
312 2623 418 2683 nempe
441 2610 556 2682 patrem
577 2601 843 2680 sequunturliben
856 2621 952 2680 suec,
979 2605 1059 2682 quod
1079 2626 1135 2668 nos

137 2703 170 2742 ex
190 2682 340 2744 connubio
353 2687 452 2774 vestro
464 2689 610 2763 petamus,
633 2680 795 2774 quicquam
809 2687 865 2751 est,
878 2689 1079 2776 praeterquam
1100 2694 1135 2748 ut

136 2761 294 2833 hominum,
320 2762 478 2823 uicinum
492 2781 616 2822 nurnero
638 2781 752 2831 simus3
772 2781 838 2831 nec,
859 2781 911 2822 vos
933 2761 1005 2842 (orsi
1016 2783 1048 2823 ιιι
1063 2785 1136 2826 cou-
1221 2802 1222 2809 ι

136 2843 286 2905 tumeliam
301 2841 551 2923 ignominiamque
564 2847 696 2906 nostram
716 2848 831 2902 certare
840 2842 941 2923 juvat)
968 2844 1050 2923 qu'od
1063 2865 1136 2906 con·
1221 2858 1222 2877 l

139 2923 276 2990 tendatis
290 2921 448 3001 quicquam
464 2928 518 2981 est.

174 3003 210 3061 V.
233 3014 250 3039 “
263 2999 411 3080 Demque,
425 3001 527 3071 utrum
533 3001 663 3082 „tandem
676 3001 783 3081 populi
798 3001 936 3071 Romani,
949 3021 989 3062 au
1002 3009 1136 3066 vestrum
1221 3046 1222 3075 ι

139 3101 283 3142 summum
296 3080 450 3162 imperium
472 3080 541 3139 est?
581 3079 712 3160 Regibus
725 3078 849 3149 exactis,
871 3081 973 3140 utrum
986 3081 1068 3141 robis
1082 3083 1136 3143 do·
1157 3090 1160 3095 ’
1221 3084 1222 3109 ¹

139 3161 267 3230 minatio,
281 3182 319 3222 an
332 3159 467 3224 omnibus
481 3178 569 3238 aequa
580 3159 703 3218 libertas
717 3166 802 3239 parta
814 3159 885 3219 est?
925 3159 1051 3240 Oportet
1061 3161 1136 3224 lice·
1221 3166 1222 3229 s

139 3259 169 3300 re
185 3242 290 3332 populo
303 3241 448 3313 Romano,
475 3238 500 3299 si
524 3239 607 3309 velit,
629 3241 735 3319 jubere
749 3239 844 3320 legem
859 3258 871 3309 ι
889 3256 938 3307 an,
958 3245 993 3298 ut
1006 3259 1137 3320 quaeque
1221 3260 1222 3319 j

139 3328 251 3400 rogatio
271 3320 455 3401 promulgata
476 3317 540 3390 erit,
564 3339 618 3379 vos
639 3316 789 3384 delectum
809 3337 864 3410 pro
883 3338 972 3398 poena
991 3319 1148 3384 decerne·'
1221 3378 1222 3395 ,

95 3407 96 3438 f
141 3399 176 3459 tis
191 3399 203 3458 i
224 3406 264 3468 et,
286 3400 376 3460 simul
390 3419 443 3482 ego
456 3400 593 3461 tribunus
606 3419 713 3459 vocare
726 3398 821 3458 tribus
833 3419 866 3458 ιιι
887 3397 1057 3480 suffingium
1072 3423 1136 3464 coe·

141 3497 218 3556 pero,
232 3483 264 3538 tu
279 3480 379 3544 statim
393 3479 498 3539 consul
512 3484 698 3540 sacramento
707 3479 841 3558 juniores
854 3478 966 3559 adiges,
979 3487 1011 3539 et
1023 3478 1054 3541 in
1069 3501 1136 3543 cas·
1221 3530 1222 3533 ,

142 3563 184 3618 tra
194 3560 327 3620 educes?
347 3566 378 3620 et
388 3557 545 3620 minaberis
555 3558 645 3640 plebi,
657 3557 814 3618 minaberis
825 3559 968 3618 tribuno?
1008 3559 1135 3633 Quid,si

143 3654 207 3708 non,
233 3643 378 3718 quantum
396 3637 465 3700 istae
484 3637 573 3698 minae
596 3639 740 3699 alvernus
753 3636 849 3719 plebis
862 3657 1039 3699 consensum
1052 3640 1136 3700 vale·

144 3724 215 3788 rent,
237 3719 283 3780 bis
305 3720 370 3799 jam
391 3717 662 3800 expertiessetisi
682 3716 807 3787 scilicet,
833 3717 905 3798 quia
918 3717 1001 3778 nobis
1014 3720 1135 3783 oonsul-

144 3799 202 3856 tum
213 3799 367 3868 volebatis,
380 3797 541 3860 certamine
554 3795 739 3858 abstinuistis
753 3817 764 3868 ;
783 3797 902 3857 enideo
915 3803 1033 3856 nonest
1046 3796 1135 3860 dimi-

146 3881 248 3947 catum,
260 3878 352 3970 qubd
365 3897 431 3957 quae
445 3897 513 3960 pars
526 3877 646 3948 tirmior,
660 3877 765 3937 eadem
776 3875 936 3936 modestior
947 3875 1025 3936 fuit?
1065 3879 1098 3940 N
1099 3901 1134 3944 ea

145 3969 219 4014 nunc
232 3965 289 4020 ent
302 3965 464 4029 certamen,
488 3957 619 4034 Quirites
633 3977 642 4030 3
663 3955 778 4019 ammos
790 3963 905 4043 rastros
918 3946 966 4017 illi
976 3961 1147 4044 tentabunt⁸
1221 3964 1222 3967 ’
