2634 4392
452 248 457 260 ³
539 300 670 391 neuun
682 285 725 364 1'1.
973 386 976 394 Ι
1095 305 1133 375 er

101 462 103 551 ζ
150 467 244 527 eodeni
255 461 687 544 boiemseipseeoramoffert.
737 462 873 522 Duorum
887 459 1045 522 consulum
1060 479 1131 540 cog·

149 546 203 606 nitu
215 565 265 607 ora
281 545 451 605 accendunt
470 543 597 603 militum
617 543 751 612 animos;
785 541 873 602 simul
894 547 925 602 et
945 541 1050 602 vanior
1065 542 1130 620 jam

101 618 102 625 ¹
150 633 204 685 orat
216 625 343 685 hostium
357 623 447 692 acies,
461 624 542 693 dum,
565 622 736 683 abundante
758 620 955 683 multitudine·
964 619 1043 690 freti,
1064 622 1132 680 sub·

148 712 234 765 baeu
247 703 381 770 subsidia
390 705 511 764 mittunt
522 704 560 763 ad
574 709 701 766 castrao
722 701 885 783 pugnanda
893 721 902 770 ;
922 701 954 762 iu
968 720 1037 778 quae
1052 699 1131 760 haud

147 804 242 866 magno
265 783 429 843 certamine
454 783 566 863 impetu
590 783 680 851 facto,
694 724 765 842 dum
790 781 898 860 praedae
924 779 1028 860 magis,
1042 781 1131 870 quim
1216 821 1217 856 p

148 884 254 944 pugne,
277 883 423 925 memores
442 872 544 926 terunt
556 870 694 944 tempus3
727 860 821 922 triarii
846 860 982 929 Romani,
997 859 1048 938 qui
1073 878 1133 939 pri-

101 976 102 995 i
149 964 218 1004 mam
230 943 423 1024 irruptionem
437 943 586 1002 sustinere
598 963 658 1003 non
680 943 846 1021 potierant,
861 940 959 1000 missis
974 941 1011 999 ad
1026 957 1133 1000 cousu-
1216 985 1217 1020 ,

101 1022 102 1029 ’
146 1023 185 1082 les
193 1025 316 1094 nunciis,
326 1044 386 1103 quo
394 1025 459 1083 loco
474 1043 521 1083 res
531 1032 640 1093 essent,
654 1021 821 1102 conglobati
833 1021 869 1082 ad
882 1019 1053 1100 praetorium
1065 1019 1133 1077 red·
1216 1091 1217 1100 ἵ

147 1112 267 1174 eunt,·et
294 1111 349 1164 sua
373 1109 478 1183 sponte
499 1101 556 1182 ipsi
580 1101 721 1183 proelium
743 1107 908 1162 renovanti
942 1097 1133 1189 etaeManlius
1216 1107 1217 1130 *

147 1185 253 1255 consul,
265 1191 402 1249 reuectus
416 1183 448 1242 i'n
462 1191 569 1251 castra,
583 1181 620 1242 ad
635 1200 737 1241 omnes
748 1187 857 1261 ¹portas
882 1178 1134 1260 militeopposrto,
1216 1211 1217 1248 r

146 1261 270 1326 hostibus
285 1264 363 1324 viam
376 1264 535 1324 clauserat.
576 1264 621 1322 Ea
634 1261 803 1344 desperatio
817 1261 927 1322 Tuscis
947 1259 1059 1321 rabiem
1071 1277 1135 1316 ma·
1216 1305 1217 1328 ,

145 1342 191 1421 gis,
216 1345 310 1422 quim
336 1344 500 1413 audaciam,
527 1341 687 1413 accendit3
721 1361 790 1403 nam
817 1361 909 1420 quum
937 1339 1136 1406 incursantes,
1216 1399 1217 1402 Ἴ

145 1441 318 1501 quacunque
332 1423 444 1483 exitum
456 1425 628 1484 ostenderet
641 1442 719 1514 spes,
743 1441 819 1482 vano
838 1419 1001 1499 ,aliquoties
1022 1419 1135 1498 impetu
1148 1427 1150 1434 '
1216 1437 1217 1442 ¹

144 1500 233 1561 issent
242 1522 252 1572 ;
284 1503 387 1582 globus
406 1504 553 1582 juvenum
566 1523 644 1562 unus
657 1521 689 1562 un
711 1502 807 1582 ipsum
822 1501 974 1564 consulem
987 1498 1136 1580 insignem

144 1582 226 1641 aroris
238 1582 362 1642 invadit
403 1583 503 1645 Prima
517 1590 644 1662 excepta
660 1582 676 1640 sl
690 1581 953 1644 circumstantibus
967 1579 1047 1649 tela;
1069 1598 1134 1638 sus·
1215 1605 1217 1610 v

100 1668 102 1697 ³
144 1660 225 1721 tineri
238 1662 350 1722 deinde
372 1662 418 1720 ris
442 1663 557 1740 nequit.
597 1662 712 1722 Consul
737 1661 888 1724 mortifero
909 1661 1033 1721 vulnere
1054 1659 1134 1720 ictus
1216 1665 1217 1708 ἲ

144 1742 227 1810 cadit,
241 1741 360 1820 fusique
374 1740 456 1800 circi
480 1760 591 1802 omnes.
632 1739 742 1799 Tuscis
767 1739 876 1800 crescit
898 1738 1032 1798 audacia.
1074 1741 1134 1798 Ro·
1216 1781 1217 1796 ,

143 1839 238 1880 manos
253 1827 348 1891 terror
361 1840 415 1900 per
428 1825 491 1883 tota
515 1828 613 1882 castra
636 1819 770 1899 trepidos
794 1819 856 1900 agit
865 1839 875 1890 3
905 1825 936 1878 et
949 1819 986 1879 ad
1001 1825 1135 1878 extreme

142 1908 260 1960 rentum
272 1900 358 1972 foret,
371 1900 403 1962 ui
418 1900 516 1981 legati,
529 1908 615 1982 rapto
629 1900 761 1962 consulis
776 1920 907 1980 corpore,
921 1899 1134 1981 patefecissent

141 1987 194 2039 nuh
211 1988 298 2060 porta
323 1981 455 2040 hostibus
479 1981 566 2040 viam.
608 1983 653 2040 Ea
669 1989 846 2061 erumpunt3
881 1985 1133 2059 consternatoque

140 2060 253 2139 ugmine
266 2062 408 2123 abeuntes
431 2060 463 2118 in
486 2060 631 2119 victorem
651 2061 778 2120 alterum
798 2061 938 2120 incidunt
962 2061 1133 2130 consulem

142 2137 174 2198 ihi
197 2141 310 2202 iterum
334 2140 406 2198 cresi
429 2138 547 2216 firsique
568 2139 697 2220 passim..
740 2139 872 2200 Victoria
893 2139 1014 2220 'egregia
1038 2150 1132 2220 parta,

140 2219 228 2280 tristis
242 2225 343 2279 tamen
357 2218 472 2276 duobus
495 2228 557 2277 tarn
582 2218 670 2279 claris
684 2217 845 2280 funeribus.
886 2221 992 2298 ltaque
1018 2222 1132 2296 consul,

141 2297 317 2361 decernente
331 2306 435 2358 senatu
450 2297 639 2377 triumphum,
664 2298 726 2358 “Si
741 2297 891 2360 exercitus
916 2299 979 2358 siue
1003 2300 1132 2381 impera

140 2383 196 2437 tore
212 2378 394 2459 triumphare
403 2379 509 2516 possit,
531 2399 584 2458 pro
599 2377 707 2443 eximia
720 2400 755 2438 so
769 2379 846 2440 bello
860 2400 950 2460 opera
961 2379 1049 2439 facile
1064 2401 1132 2459 [ras-

140 2460 270 2527 surum,”
296 2479 341 2518 res
364 2480 401 2517 on
424 2459 462 2519 it:
496 2469 565 2526 “se,
579 2458 692 2518 familia
716 2459 837 2520 funeste
862 2462 898 2534 Q,
921 2459 1005 2518 dubii
1029 2459 1130 2522 fratris

140 2545 236 2607 morte,
250 2481 412 2618 republica¹
421 2559 457 2598 ex
470 2548 554 2618 purte
563 2542 637 2613 norbet
655 2541 781 2599 *consule
795 2540 889 2600 altero
903 2539 1019 2609 aiiiisso,
1034 2541 1130 2621 publi-

138 2636 169 2675 co
187 2619 362 2698 privatoque
383 2619 544 2678 deformem
558 2620 642 2678 luctu
656 2620 788 2696 lauream
816 2641 874 2682 non
901 2624 1128 2712 accepturum.⁹’

140 2697 221 2756 Ornoi
234 2707 303 2761 acto
316 2699 463 2779 triumpho
477 2699 630 2780 depositus
644 2699 810 2780 triumphus
826 2701 932 2765 clarior
945 2701 1020 2773 fuit3
1052 2704 1127 2763 adel)
1216 2689 1217 2742 l

140 2785 229 2854 spreta
243 2778 275 2836 in
288 2786 421 2858 tempore
434 2779 528 2860 gloria
540 2779 692 2841 interdum
707 2781 884 2842 cuirrulatior
898 2781 985 2841 redit.
1027 2784 1126 2842 uuna
1216 2811 1217 2852 ς

138 2859 286 2917 radeinde
300 2860 359 2917 duo
382 2859 524 2941 deinceps
544 2861 672 2939 collegae
686 2859 846 2940 fratrisque
867 2862 967 2931 ducit3
1002 2863 1080 2922 idern
1094 2863 1125 2924 in
1216 2875 1217 2896 ¹

139 2946 256 3017 utroque
282 2938 426 3006 laudator,
449 2959 550 3016 quum,
574 2940 765 3000 concedendo
779 2941 839 3000 illis
862 2963 929 3004 suas
943 2943 1058 3012 laudes,
1080 2944 1124 3022 ip-
1216 2991 1217 2996 1

140 3019 335 3078 semanimem
349 3023 463 3098 partem
479 3039 579 3079 earum
600 3019 700 3080 ferret.
740 3023 848 3100 Neque
872 3017 1026 3082 immemor
1050 3026 1124 3102 ejus,
1216 3055 1217 3086 l

140 3100 209 3174 quod
221 3097 309 3160 initio
329 3097 503 3161 consulatus
526 3098 688 3168 imbiberat,
703 3101 916 3161 reconciliandi
930 3104 1044 3162 animos
1059 3106 1123 3182 ple·
1216 3125 1217 3164 z

138 3176 183 3245 bis,
197 3178 313 3238 saucios
327 3178 439 3238 milites
453 3179 599 3242 curandos
622 3178 729 3246 dividit
753 3180 900 3242 Patribus.
943 3182 1041 3246 Fabiis
1056 3185 1123 3265 plu,

137 3256 195 3317 rimi
218 3257 301 3324 datis
334 3279 390 3321 nec
412 3258 482 3320 olibi
507 3261 618 3339 majore
631 3266 714 3320 'curt
734 3261 836 3322 habiti.
877 3264 951 3326 Inde
966 3265 1122 3346 populares

134 3337 186 3412 jain
201 3359 267 3400 esso
281 3339 381 3401 Fabii:
402 3357 459 3398 nec
473 3337 527 3400 hoc'
540 3341 614 3409 ulle,
628 3339 687 3400 nisi
695 3341 804 3403 salubri
817 3342 996 3422 reipublice,
1010 3351 1082 3408 arte.

171 3417 316 3505 XLVIH·
331 3418 433 3499 ‚Igitur
446 3439 505 3479 uon
519 3419 642 3484 Petrum
661 3421 763 3501 magis,
786 3425 877 3501 qulm
896 3425 999 3506 plebis,
1014 3421 1122 3488 studiis

140 3495 171 3554 K.
184 3497 293 3556 Fabius
317 3518 383 3561 eum
397 3499 436 3557 T.
450 3497 584 3580 Virginio
599 3502 703 3560 consul
727 3501 944 3584 inclusaeque
959 3507 1050 3576 bellu,
1067 3528 1120 3568 ne·

137 3594 187 3650 quo
198 3577 343 3646 delectus,
353 3599 449 3658 neque
460 3579 551 3640 ullam
562 3580 648 3642 aliam
662 3582 790 3662 priorem
799 3603 906 3648 ‘curaru
919 3607 1017 3667 agere,
1031 3608 1069 3665 qu
1079 3589 1121 3649 *m

136 3666 173 3720 ut,
182 3659 243 3734 jam
257 3657 358 3735 aliqua
371 3675 407 3718 ex
421 3665 505 3740 parte
527 3659 666 3731 inclinata
680 3663 846 3726 coneordiae
863 3685 925 3746 spe,
939 3667 1033 3746 primo
1047 3689 1120 3748 quou

136 3753 189 3808 que
202 3743 332 3829 tempore
354 3758 420 3798 cum
433 3738 572 3825 l’atribus
593 3743 796 3806 coalescerent
808 3745 901 3808 animi
913 3744 1016 3826 plebis.
1058 3751 1119 3812 lisa
1168 3807 1170 3814 ,

134 3831 186 3890 que
198 3819 340 3901 principio
353 3819 425 3882 auni
437 3821 565 3962 ceupuit
578 3823 750 3904 priusquam
765 3825 922 3906 quisquam
936 3827 1060 3914 agrariae
1077 3831 1117 3894 10,
