2634 4392
171 325 208 390 ro
354 393 355 397 Ν
554 299 732 382 'muron

130 548 133 558 ,
168 499 231 542 Μ
245 479 364 540 minimi
388 461 525 552 flfflvflun
546 479 688 552 indolem,
700 481 840 563 tetigerat
857 483 989 544 animum
1001 476 1143 548 memorie
1240 468 1242 518 3

168 568 325 640 nepotum
342 559 595 642 ¹sciscitandoque
618 563 722 624 eodem
737 563 927 643 pervenit‚·ut
947 565 1027 627 haud
1040 569 1146 646 procul
1240 612 1242 615 -

168 649 257 710 esset,
268 639 340 721 quin
353 640 478 702 Remum
487 650 670 723 agnosceret.
699 645 758 703 ltu
767 643 899 724 undique
907 646 1065 738 regidolus
1072 667 1147 708 nec·

167 721 251 780 titur.
295 721 447 790 Romulus,
455 743 513 782 non
526 742 592 782 curn
605 725 691 805 globo
699 725 855 804 juvenum,
865 725 932 805 (nec
943 746 1021 786 enum
1030 733 1096 788 erat
1105 727 1146 788 ad
1240 721 1242 769 ἶ

168 799 230 860 vim
243 809 376 892 apertum
389 803 453 884 par)
469 803 522 862 sed
536 803 602 865 aliis
616 804 676 864 alio
687 804 793 864 itincre
808 804 902 884 jussis
916 812 997 866 certo
1013 814 1148 886 tempore
1240 822 1242 871 ζ

168 879 207 940 nd
218 901 327 962 regrum
338 882 438 942 venire
453 881 626 962 pastoribus,
640 885 682 944 ad*
693 905 791 966 regem
805 885 947 964 impetum
959 885 1051 956 fucit3
1074 893 1115 946 et
1121 885 1151 946 ,t
1240 914 1242 937 τ

169 957 433 1022 dumoNomitoris
447 956 506 1024 aliu
519 972 688 1046 comparata
698 985 787 1025 runnu
801 965 1056 1046 adjuvstllemus.
1097 967 1148 1027 ltu
1240 960 1242 1035 l

160 1059 202 1101 re
240 1059 269 1100 m
282 1044 469 1103 obtruncant.
727 1069 731 1073 ¹
1058 1090 1059 1096 ,
1240 1050 1242 1105 i

204 1168 207 1174 .
242 1121 266 1180 1.
286 1119 435 1193 Num-itur,
448 1123 528 1184 inter
546 1123 673 1206 primum
695 1125 861 1186 tumultum
879 1124 978 1186 hostes
1001 1123 1150 1187 invasisse
1240 1154 1242 1193 e

169 1201 273 1260 urbem
286 1209 377 1282 utque
389 1204 508 1264 adortos
521 1205 631 1286 regiam
654 1204 805 1278 dictitans,
818 1225 910 1285 quum
932 1208 1039 1284 pubem
1052 1206 1149 1265 Albu-
1240 1226 1242 1275 j

169 1299 238 1340 uam
263 1281 293 1340 in
316 1303 414 1344 urcem
433 1284 573 1362 presidio,
592 1285 743 1365 armisque
767 1285 957 1346 obtinendam
970 1291 1152 1361 evocassem
1240 1282 1242 1341 l

168 1368 362 1440 posteaquam
371 1365 507 1442 juvenes,
522 1371 690 1444 perpetratu
704 1366 806 1434 crede,
821 1385 940 1458 pergere
958 1366 1043 1425 adse
1067 1373 1150 1446 grat·
1179 1399 1184 1404 ·

170 1439 289 1500 uleutes
312 1439 398 1512 vidit,
423 1445 572 1525 externplo
593 1442 738 1506 advocatu
760 1445 894 1514 concilio,
921 1447 1037 1506 scelere
1060 1445 1092 1504 in
1116 1465 1151 1506 se
1240 1468 1242 1505 ÷

168 1518 279 1589 fratris,
293 1521 433 1602 originem
458 1530 607 1606 nepotum,
621 1533 655 1584 ut
668 1525 769 1606 geniti,
791 1533 825 1584 ut
838 1525 967 1594 educati,
980 1532 1015 1584 ut
1037 1524 1153 1606 cogniti
1240 1558 1242 1563 ·

170 1607 279 1670 essent,
294 1603 405 1662 caedem
419 1603 560 1686 deinceps
581 1605 711 1686 tyranni,
725 1625 817 1684 seque
836 1606 903 1684 ejus
926 1611 1077 1664 auctorem
1100 1625 1150 1664 us·
1240 1612 1242 1615 ’

169 1681 276 1740 tendit.
316 1682 457 1754 Juvcnes,
479 1705 532 1764 per
546 1685 673 1744 medinm
686 1684 858 1753 concionem
873 1683 990 1766 agmine
1012 1684 1154 1764 ingressi,

170 1780 263 1839 quum
276 1763 365 1822 avum
389 1783 488 1846 regem
503 1761 693 1832 snlu'ttssent,
717 1772 821 1827 secuta
835 1785 873 1824 ex
889 1764 968 1824 omni
981 1763 1151 1823 multitudi·
1240 1784 1242 1843 ;

169 1857 208 1900 ne
223 1841 411 1902 consentiens
436 1864 494 1908 vox
508 1849 604 1904 ratum
619 1863 728 1903 nomen
750 1843 968 1924 imperiumque
991 1843 1053 1925 regi
1077 1843 1152 1904 effe-
1240 1860 1242 1887 ¹

171 1919 221 1980 cit.
276 1923 322 1982 lta
346 1917 499 1982 ¹Numitori
523 1923 640 1984 Albane
661 1922 807 2004 permissa
833 1945 875 1993 re,
902 1924 1063 1987 Romulum
1086 1924 1152 1986 Re·

170 2020 311 2094 mumque
326 2000 435 2082 cupido
449 2002 536 2084 cepit,
550 2003 581 2061 in
605 2002 641 2062 iis
654 2003 740 2072 locis,
752 2003 802 2062 ubi
816 2003 951 2082 expositi,
964 2004 1076 2082 ubique
1097 2004 1153 2064 ed·
1240 2036 1242 2077 5

170 2089 253 2146 ucutr¹
267 2089 360 2150 erunt,
373 2082 455 2142 urbis
468 2081 651 2152 condeudre3
672 2088 703 2144 et
716 2090 868 2163 supererat
882 2083 1043 2142 multitudo
1056 2083 1152 2143 Alua-
1240 2122 1242 2141 .

170 2161 530 2241 norum‘lnntinorumque.
573 2163 622 2222 Ad
632 2162 805 2242 idpnstores
813 2183 932 2242 quoque
943 2169 1153 2233 accesserant3
1240 2168 1242 2219 ἓ

169 2239 224 2332 qui
238 2261 338 2300 omnes
347 2240 436 2302 facile
447 2241 681 2321 spcmt'scerent
691 2253 813 2321 parvum
826 2243 943 2308 Albam,
953 2263 1077 2320 parvum
1089 2243 1153 2302 Lu·
1240 2242 1242 2249 '

171 2319 294 2390 mnium,
307 2342 367 2402 prae
382 2342 418 2384 ea
432 2325 503 2382 urbe
517 2341 583 2402 qum
598 2323 784 2390 conderetur,
804 2321 877 2380 lore.
918 2320 1084 2380 Intervenit
1097 2322 1154 2381 de·
1240 2360 1242 2397 ;

171 2399 246 2461 inde
256 2401 300 2460 lris
314 2400 541 2482 cogitationibus
554 2401 666 2462 avitum
690 2402 812 2484 malum,
825 2399 908 2482 regni
929 2400 1047 2480 cupido,
1060 2413 1154 2480 utque

171 2480 242 2540 inde
256 2479 531 2548 foedumcertamen
541 2489 672 2543 coortum
689 2482 705 2540 el
719 2481 791 2542 sutis
802 2471 866 2541 miti
876 2480 1030 2561 principio.
1070 2481 1154 2554 Quo·

171 2560 253 2624 niem
265 2561 374 2642 gemini
388 2571 488 2622 essent
502 2583 557 2624 nec
571 2563 668 2624 etatis
681 2561 863 2624 uerecundia
880 2561 1039 2621 discrimen
1053 2561 1154 2620 fucere

172 2649 280 2722 posset,
295 2648 329 2701 ut
343 2641 402 2712 Dii,
414 2664 538 2722 quorum
553 2645 654 2702 tutele
669 2663 705 2702 ee
718 2643 784 2702 loca
798 2649 908 2711 essent,
927 2640 1058 2735 auguriis
1071 2641 1153 2721 lege-
1240 2634 1242 2657 '

172 2727 248 2791 rent,
262 2722 314 2800 qui
329 2743 435 2783 nomen
455 2745 538 2784 nove
553 2724 617 2783 urbi
631 2723 725 2791 daret,
738 2722 790 2802 qui
805 2722 954 2783 conditam
969 2721 1091 2800 imperio
1105 2741 1153 2781 re·
1240 2740 1242 2791 ε

172 2808 264 2882 geret,
286 2802 435 2862 Palatium
460 2805 613 2873 Romulus,
639 2804 752 2863 Remus
766 2801 949 2861 Aventinum
973 2800 1152 2882 adinuugu-
1240 2798 1242 2851 ἷ

171 2882 568 2965 rendumtemplacapiunt.
655 2889 668 2900 “
1240 2888 1242 2891 ’

213 2961 286 3020 Vll.
308 2962 402 3042 Priori
418 2965 510 3025 Remo
521 2961 678 3046 augrurium
690 2962 809 3023 venisse
819 2961 987 3030 fertur,.sex
1001 2961 1155 3030 vultures;
1240 3002 1242 3021 .

169 3044 302 3128 jamque,
313 3044 455 3105 truncinto
464 3045 595 3126 augurio,
606 3065 699 3124 quum
710 3042 822 3122 duplex
831 3039 1110 3108 numeros'Rumulo
1121 3060 1154 3100 se
1240 3052 1242 3103 !

173 3122 362 3196 ostendisset,
377 3137 535 3204 utrumque
557 3146 653 3205 regem
669 3143 723 3184 sus
736 3120 896 3181 multitudo
906 3118 1155 3187 consalutauerat

173 3199 323 3284 Tempore
337 3206 381 3265 illi
405 3212 561 3286 precepto,
576 3212 606 3264 at
628 3203 658 3262 hi
676 3221 799 3263 numero
821 3201 921 3260 avium
947 3219 1070 3278 regnum
1094 3205 1155 3258 tra·
1240 3259 1242 3281 ς

173 3281 292 3349 hebent.
334 3286 418 3354 Inde,
443 3305 510 3344 curu
532 3283 725 3345 altercatione
746 3281 906 3362 congressi,
920 3279 1082 3339 certamine
1095 3278 1154 3338 irs·
1178 3327 1181 3330 ⁴
1240 3308 1242 3317 ·

174 3385 241 3424 rum
255 3365 292 3426 ud
308 3365 420 3428 caedem
434 3372 600 3424 vertuntur.
643 3363 686 3423 lbi
700 3362 732 3423 in
746 3365 832 3421 turbs
846 3361 924 3420 ictus
938 3361 1052 3419 Remus
1075 3357 1154 3420 ceci·

175 3443 230 3504 dit.
271 3444 425 3524 Vulgatior
451 3443 531 3504 lama
557 3451 611 3520 est,
638 3442 765 3502 ludibrio
790 3441 888 3502 fratris
911 3440 1040 3499 Remum
1064 3458 1156 3500 novus
1240 3430 1242 3451 '

175 3521 361 3584 transiluisse
370 3544 485 3595 muros3
506 3525 576 3585 inde
588 3525 624 3584 ab
633 3522 708 3582 irato
718 3522 847 3581 Roruulu
859 3521 962 3600 (quum
973 3519 1072 3580 verbis
1103 3538 1155 3577 uo·
1240 3530 1242 3539 '

175 3623 235 3682 que
259 3602 440 3683 increpitans
464 3605 633 3685 adjecisset,
655 3601 867 3670 “Sic-deinde,
883 3600 1055 3680 quicunque
1078 3539 1157 3689 ilius
1240 3606 1242 3621 '

175 3683 324 3743 transiliet
343 3683 452 3745 moenin
465 3686 567 3767 men'’)
580 3683 780 3744 intersectum.
821 3683 869 3741 ltn
882 3681 964 3741 sulus
979 3679 1087 3762 potitus
1100 3699 1156 3736 rm·

176 3763 259 3842 perio
273 3764 433 3836 Romulus3
466 3765 585 3826 condita
599 3766 669 3823 urbs
682 3761 844 3822 conditoris
867 3761 985 3821 nomine
998 3758 1156 3838 apgcllnta.
1174 3761 1178 3773 '

177 3841 326 3906 Palatium
341 3845 476 3924 primum,
489 3845 521 3904 in
535 3865 593 3924 quc
606 3844 670 3924 ipse
684 3854 746 3904 erut
760 3843 915 3910 educatus,
925 3838 1052 3908 muniit3
1074 3858 1158 3903 sacru

76 4005 77 4008 Ἴ
182 3922 329 4022 Βῇῃιῆς
343 3925 460 3988 Albano
473 3925 551 4000 ritu5
583 3926 692 3986 Graecu
707 3921 841 3992 Herculi,
861 3923 945 3985 utab
959 3916 1156 3986 uvendroin·
1240 3972 1242 4009 Ι
