2634 4392
540 287 672 357 LIBER
685 285 727 356 11.
1103 295 1143 362 78

151 462 182 529 si
199 448 337 538 gaude,
349 471 408 515 nec
421 453 518 536 plebis
536 454 647 516 vitavit
658 452 769 523 odium,
789 471 845 516 nee
860 453 940 535 apud
954 449 1062 516 Patres
1071 474 1139 537 gra·

151 535 300 598 liaminiit
354 535 460 596 Patres
480 534 601 596 mollem
621 533 776 596 consulem
796 540 828 594 et
848 534 1035 598 ambitiosum
1062 535 1141 608 ratis

149 617 242 699 plebes
254 615 395 677 fallacem
407 635 416 687 ;
435 613 579 695 brevique
587 611 737 698 apparuit,
744 621 881 695 aequasse
892 633 960 675 eum
972 615 1064 698 Appii
1075 615 1140 676 odi·

149 717 200 758 rm
237 696 402 758 Certamen
415 696 586 757 consulibus
599 696 759 766 inciderat,
768 701 837 756 uter
849 693 1004 757 dedicaret
1015 697 1139 757 Merca·

146 777 179 838 n’i
191 778 295 842 edem.
336 778 465 838 Senatus
480 777 495 836 d
511 797 545 838 se
565 797 627 838 rem
641 777 681 836 rid
694 776 838 857 populum
852 774 974 856 rejecit:
1008 775 1068 837 utri
1089 797 1140 838 eo·

146 876 207 918 rum
217 857 368 920 dedicatio
376 877 465 950 jussu
475 857 664 951 populitdata
677 862 844 925 essetenm
854 875 987 938 praeesse
1001 875 1141 930 annonae,
1213 907 1215 916 ,

142 945 334 1000 mercatorum
347 939 507 1020 collegium
520 943 686 1006 instituere,
700 936 836 998 solennia
849 955 903 1018 pro
916 936 1060 1016 pontifice
1069 938 1136 1020 jus·

144 1017 266 1080 iitsusai
305 1039 348 1080 re.
387 1017 521 1111 Populus
533 1017 752 1078 dedicationem
777 1015 851 1077 aedis
865 1016 919 1076 dat
929 1017 975 1076 M.
996 1016 1140 1088 Laetorio,

160 1097 222 1157 rimi
243 1039 507 1180 piicenturioni:
540 1098 621 1177 quod
641 1097 730 1158 facile
751 1101 916 1178 appareret,
937 1115 996 1156 non
1016 1103 1079 1156 tarn
1100 1098 1140 1159 ad

142 1117 276 1239 ionorern
289 1180 364 1260 ejus,
384 1178 433 1238 cui
454 1177 570 1239 curatio
582 1177 671 1238 altior
692 1175 878 1257 fastigiosae
891 1174 963 1236 data
975 1185 1064 1246 esset,
1075 1176 1138 1238 fae·

140 1262 206 1327 tim,
219 1277 262 1337 qu
270 1261 313 1320 lm
328 1259 365 1318 ad
380 1254 538 1320 consulum
556 1255 761 1338 ignomisiam.-
814 1254 927 1324 Saevire
940 1253 1011 1316 iride
1033 1256 1140 1337 utique

140 1339 293 1399 consulum
311 1339 398 1406 alter,
418 1339 606 1417 Parnesque,
635 1336 690 1416 sed
705 1335 785 1418 plebi
798 1343 955 1396 creverant
975 1336 1086 1407 animi3
1107 1343 1139 1400 et

138 1413 218 1498 longe
229 1418 303 1486 olis,
315 1438 405 1496 quani
418 1417 513 1497 primii
526 1417 730 1486 instituerant,
739 1415 788 1475 vit
802 1418 1022 1498 grassabantur.
1058 1418 1136 1477 Des·

138 1503 239 1575 parato
253 1496 332 1556 enim
348 1498 504 1557 consulum
517 1503 702 1576 senatusque
716 1495 838 1565 auxilio,
852 1515 943 1576 quum
958 1496 990 1556 in
1000 1499 1052 1577 jus
1064 1497 1138 1558 duci

137 1576 299 1654 debitorem
312 1576 468 1647 vidissent,
481 1577 616 1656 undique
630 1575 848 1645 convolabantt
869 1595 967 1656 neque
980 1577 1138 1638 decretura

139 1656 274 1716 exaudiri
295 1657 427 1718 consulis
441 1678 504 1738 prae
520 1657 647 1737 strepitu
669 1663 701 1716 et
713 1657 843 1716 clamore
897 1663 994 1725 terat3
1029 1677 1138 1738 neque,

137 1755 224 1814 quum
236 1736 404 1806 decresset,
414 1736 573 1816 quisquam
584 1738 814 1814 obtemperabat
884 1735 895 1793 i
909 1737 1060 1816 agebatur,
1074 1757 1137 1797 me-

136 1821 240 1895 tusque
265 1816 362 1877 omnis
382 1824 415 1876 et
435 1815 602 1897 periculum
622 1814 780 1884 libertatis,
800 1835 892 1895 Qum
912 1813 944 1874 in
973 1821 1135 1897 'conspectu

137 1897 266 1957 consulis
279 1896 390 1979 singuli
408 1897 420 1954 l
436 1896 571 1978 pluribus
585 1894 780 1964 vitarentur,
794 1896 826 1956 in
836 1894 1005 1956 'creditores
1020 1897 1037 1956 i
1051 1897 1136 1958 debi-

135 1976 246 2036 toribus
265 1983 428 2039 verterant.
479 1977 577 2058 Super
589 1975 656 2036 iraec
677 1975 768 2038 timor
779 1975 903 2054 incessit
924 1977 1025 2036 Sabini
1045 1977 1136 2050 belli3

135 2054 313 2136 delectuque
334 2059 466 2126 decreto,
485 2077 574 2118 nemo
588 2076 698 2118 nomen
718 2055 812 2124 dedit,
833 2055 953 2116 furente
975 2057 1084 2148 Appio,
1104 2066 1136 2120 et

134 2133 301 2196 insectante
315 2136 506 2196 ambitionem
527 2136 672 2215 college,
696 2135 748 2272 (pai
761 2136 896 2217 populari
921 2135 1042 2197 silentio
1056 2157 1134 2200 rein·

134 2216 280 2294 publicam
295 2215 444 2296 proderet,
458 2221 490 2274 et
503 2214 542 2273 ad
554 2213 597 2283 id,
607 2213 693 2293 quid

723 2213 862 2274 ecredite
873 2216 1001 2296 pecunia
1010 2219 1062 2297 jus
1074 2237 1135 2280 non
1213 2257 1214 2280 l

135 2294 266 2363 dixisset,
280 2295 435 2376 adjiceret,
449 2301 483 2353 ut
496 2314 535 2354 ne
548 2293 700 2354 delectum
709 2294 831 2374 quidem
845 2314 882 2354 ex
894 2299 1135 2358 senatusconsul·
1211 2287 1214 2372 η’

133 2380 158 2432 to
180 2375 306 2436 liaberet
317 2395 327 2446 ;
346 2385 437 2435 “non
460 2395 527 2436 esse
540 2382 643 2453 tamen
666 2374 818 2436 desertam
839 2375 959 2435 omnino
974 2378 1135 2457 rempubli-

135 2474 204 2524 cam,
233 2473 333 2535 neque
342 2457 508 2536 projectum
529 2454 688 2516 consulare
708 2454 875 2536 imperium.
930 2457 968 2516 Se
989 2475 1082 2516 unum
1103 2465 1137 2520 et

134 2552 189 2594 surr
203 2541 238 2596 et
247 2536 370 2596 Petrum
381 2536 707 2617 majestatisvindicem
720 2535 816 2595 fore.”
848 2535 947 2610 Quum
958 2534 1134 2599 circumsta-

133 2621 174 2674 ret
186 2615 365 2694 quotidiana
391 2616 553 2676 multitudo
573 2615 697 2678 licentia
718 2635 856 2686 accensa,
876 2616 968 2698 arripi
981 2633 1072 2678 unum
1087 2618 1134 2680 iii·

134 2695 246 2775 signem
267 2696 376 2757 ducem
398 2696 578 2757 seditionum
595 2696 697 2778 jussit.
748 2697 815 2766 llle,
836 2698 959 2776 quum'i
981 2696 1134 2761 lictoribus
1212 2753 1213 2764 ,

131 2776 187 2852 jani
198 2777 379 2847 traheretur,
392 2775 583 2858 provocavit:
612 2797 668 2837 nee
683 2777 825 2842 cessisset
845 2776 1048 2858 provocationi
1063 2799 1134 2840 coii-

134 2856 269 2939 sul,quia
283 2877 344 2916 non
358 2855 560 2919 dubiumerat
581 2851 684 2950 poppii
700 2856 860 2938 judiciuin,
882 2857 939 2918 nisi
960 2859 1134 2952 aegrevicio
1210 2907 1212 2916 ,

134 2937 295 3014 pertinacia
314 2936 402 3005 foret,
431 2937 557 2998 consilio
576 2957 670 3018 magis
690 2947 723 2998 et
756 2937 933 3000 auctoritate
954 2959 1133 3019 principum,

135 3017 216 3152 pulso
232 3015 337 3097 populi
357 3016 505 3088 clamore3
525 3017 600 3077 aden
621 3024 796 3098 supererant
816 3017 907 3078 animi
927 3019 966 3079 ad
981 3019 1131 3080 sustinen-
1211 3039 1212 3050 ¹

151 3116 196 3158 am
207 3096 366 3158 invidiam.
405 3097 551 3158 Crescere
561 3096 759 3158 indemalum
777 3097 809 3159 in
824 3097 898 3168 dies,
919 3119 979 3158 non
993 3098 1130 3160 elamori-

135 3175 182 3267 bus
196 3178 285 3240 modii
299 3175 422 3270 apertis,
443 3176 508 3246 sed,
521 3176 605 3269 qnod¹
623 3177 719 3237 multi
733 3177 930 3270 pernicipsius
941 3185 1016 3270 erat,
1027 3198 1131 3241 seces-
1210 3189 1211 3200 ¹

135 3274 210 3320 sione
223 3258 412 3336 occultisque
425 3258 592 3338 colloquus.
640 3256 780 3337 Tandem
793 3277 884 3318 invisi
917 3259 976 3318 lebi
992 3261 1131 3323 consules
1210 3287 1211 3298 ¹

133 3340 301 3476 negtiptmm
315 3340 437 3408 abeunt,
450 3337 597 3412 Servilius
619 3338 744 3410 neutris,
759 3337 876 3422 Appius
897 3279 1035 3400 iratribus
1055 3341 1132 3402 mire
1210 3331 1211 3351 ³

133 3435 316 3557 grallllsillll.
336 3501 375 3559 A.
395 3497 550 3580 Virginius
568 3496 641 3559 inde
661 3504 694 3560 et
715 3497 755 3560 Τ.
775 3497 919 3560 Vetusius
940 3502 1129 3563 consulatum

133 3571 242 3638 ineunt.
283 3577 362 3640 'l'am
374 3579 448 3639 vero
461 3579 573 3661 plebes,
585 3578 704 3673 ineerta
715 3579 820 3673 quales
833 3580 969 3642 habitura
990 3583 1129 3645 eonsules

135 3666 217 3728 esset,
229 3663 330 3720 coetus
342 3665 513 3752 nocturnes,
525 3679 599 3752 pars
611 3659 764 3740 Esquiliis,
775 3679 844 3753 WB
854 3659 887 3721 in
907 3661 1068 3731 Aventino,
1082 3661 1128 3724 fa·

135 3752 211 3810 eere3
230 3755 270 3800 ne
282 3738 315 3799 in
328 3738 392 3799 foro
405 3739 512 3800 subitis
524 3740 690 3820 trepidaret
704 3739 846 3810 consiliis,
861 3747 892 3803 et
905 3742 1004 3803 omnia
1014 3745 1127 3804 temere
1208 3763 1209 3822 3

135 3817 298 3884 arroasia
315 3826 427 3902 ageret
466 3821 544 3883 aaa
556 3839 621 3882 serii
639 3820 779 3884 eonsules
800 3821 869 3893 rati,
882 3828 917 3884 ut
929 3830 1003 3894 erat,
1023 3823 1123 3914 periri·
