2634 4392
86 400 90 493 l

164 275 226 336 260
578 271 622 330 51¹,
636 270 747 334 nlvu

163 434 277 513 doque,
288 428 363 493 satis
375 445 500 509 sperans
513 426 657 510 propitios
672 447 739 493 esse
750 429 840 508 Deos,
853 444 980 509 quorum
992 427 1116 488 cultum
1132 449 1168 492 na
1230 407 1231 462 l

163 513 269 576 mortis
291 508 414 590 quidem
435 509 700 589 metuprohibitus
720 509 911 580 deseruisset,
933 507 966 570 in
987 507 1170 590 Capitolium
1230 575 1231 582 ,

87 580 88 593 ¹
164 594 204 658 ad
218 612 285 653 suos
300 587 398 657 rediit,
406 606 465 649 ‘seu
479 588 613 651 attonitis
627 587 725 652 Gallis
746 589 888 652 miraculo
899 586 1042 659 sudriae,
1056 607 1106 648 seu
1119 611 1168 651 re·
1191 645 1193 652 ,

87 640 89 713 l

163 673 273 754 ligione
284 663 376 730 etiam
388 668 487 749 motis,
508 666 844 764 cuiusluaudquaquam
858 669 1015 752 negligens
1029 677 1076 729 est
1086 689 1168 750 gens.

162 753 247 831 Vejis
258 748 380 812 interim
393 767 453 809 non
467 749 558 809 animi
571 751 690 826 iantdm
703 751 736 810 in
748 749 824 822 dues,
834 751 888 810 sed
902 750 994 810 etiam
1004 748 1096 818 vires,
1105 771 1168 811 ere·

160 835 308 895 scebant‘r
329 851 385 889 nec
410 828 557 904 Romanis⁸
578 831 675 889 solum
693 831 731 904 ¹ed
751 829 996 907 convenientibus
1023 849 1059 889 ex
1082 831 1167 912 agris,

159 912 215 993 qui
236 912 254 972 d
273 910 380 992 proelio
402 910 528 979 adverso
540 909 696 991 autelads
708 910 898 992 captoe'urbis
912 909 1169 992 -palatiqluerant,

161 995 215 1054 sed
230 992 320 1053 etiam
333 1010 371 1053 ex
394 988 484 1050 Latio
510 990 686 1051 voluntariis
713 990 942 1060 confluentibus,
966 995 1001 1050 ut
1027 989 1058 1048 in
1081 999 1168 1070 parte

160 1073 274 1154 praedae
286 1076 397 1132 essent
438 1071 592 1131 Moturum
603 1074 667 1153 jam
680 1070 846 1150 uidebatur,
861 1070 957 1152 repeti
970 1066 1102 1151 patriam.
1114 1071 1169 1132 eri·

160 1156 253 1235 pique
280 1173 318 1212 ex
341 1150 469 1212 hostium
484 1150 642 1212 manibusa
663 1149 717 1212 sed
733 1150 848 1233 corpori
868 1151 968 1224 ualido
980 1157 1076 1230 eaput
1098 1151 1166 1212 dee·

160 1242 217 1295 ret.
258 1233 359 1293 Locus
370 1231 436 1310 ipse
449 1229 628 1292 admonebat
640 1230 773 1310 Camilli,
794 1238 825 1292 et
838 1249 943 1313 magna
956 1239 1028 1311 pars
1042 1229 1167 1292 militum

159 1319 236 1383 eret,
256 1313 307 1405 qui
323 1313 416 1384 ductu
432 1311 624 1391 auspicioque
648 1313 713 1390 ejus
727 1331 775 1390 res
785 1313 925 1392 prospere
937 1317 1118 1392 gesserant:
1136 1317 1166 1374 et

160 1392 313 1455 Cedicms
324 1411 442 1482 negare,
453 1411 485 1450 se
500 1389 739 1460 commissurum,
761 1411 816 1450 cur
828 1391 886 1466 sibi
898 1397 950 1452 aut
963 1392 1100 1452 Deorum
1120 1401 1167 1453 aut

158 1473 311 1538 hominum
322 1490 478 1548 quisquam
499 1468 657 1549 imperium
678 1469 779 1540 finire-t
793 1471 902 1552 potiris,
923 1490 1014 1550 qnam
1029 1470 1094 1551 ipse
1106 1491 1165 1532 me·

158 1573 223 1614 mor
246 1551 358 1612 ordinis
379 1551 578 1628 suiposeeret
600 1549 831 1630 imperatorem,
857 1551 1016 1612 Consensu
1040 1553 1165 1614 omnium

158 1631 282 1713 placuit,
307 1632 345 1691 ab
360 1629 463 1689 Ardea
476 1626 639 1690 Camillum
651 1629 743 1691 acciri
757 1650 767 1700 ;
788 1630 841 1690 sed
864 1637 955 1693 antee
970 1632 1104 1692 consulto
1118 1651 1164 1692 se·

158 1716 243 1780 natu,
255 1710 308 1792 qui
323 1712 427 1779 Romae
442 1717 522 1769 esset
536 1728 545 1780 ;
566 1709 640 1770 adeo
653 1713 775 1792 regebat
788 1710 886 1770 omnia
900 1712 1005 1790 pudor,
1019 1710 1165 1783 discrimi-

158 1811 257 1872 naque
269 1811 366 1851 rerum
382 1787 616 1871 propd‘perditis
636 1792 724 1851 rebus
745 1793 912 1852 servabant.
931 1847 934 1852 ,
953 1791 990 1851 ln
1030 1793 1077 1852 nti
1092 1791 1165 1873 peri·

158 1873 228 1932 culo
242 1869 455 1930 transeundum
466 1876 520 1948 per
531 1868 659 1929 hostium
674 1869 825 1930 custodias
850 1875 936 1942 erat3
957 1891 975 1930 a
1020 1893 1088 1932 eam
1107 1891 1164 1933 rem

158 1951 283 2012 Pontius
305 1949 469 2016 Cominium,
493 1948 617 2026 impiger
625 1948 757 2027 juvenis,
771 1969 889 2030 operam
905 1949 1070 2031 pollicitus,
1082 1954 1164 2014 incu-

157 2033 233 2110 bans
247 2029 361 2097 cortici,
376 2026 507 2088 serundo
519 2025 632 2087 »Tiberi
653 2029 693 2088 ad
707 2031 807 2090 urbem
823 2029 957 2090 defertur
971 2051 981 2102 3
1001 2033 1087 2103 inde,
1108 2037 1164 2113 qut

155 2109 324 2191 ‚proximum
337 2107 395 2167 fuit
409 2106 427 2166 d
441 2105 515 2188 ripa,
528 2127 581 2188 per
616 2115 787 2188 raeruptum,
807 2128 842 2171 en
864 2129 903 2170 ue
916 2113 1090 2194 neglectum
1102 2113 1164 2174 hos·

157 2189 234 2253 tium
245 2187 401 2257 custodia,
412 2206 516 2253 saxum
538 2186 568 2246 in
588 2125 773 2268 Kapitolium
788 2131 912 2251 evuin:
933 2197 973 2261 et,
998 2191 1038 2251 ad
1059 2193 1164 2276 tnagis·

157 2275 256 2339 ¹trutus
270 2270 391 2339 ductus,
403 2268 545 2328 mandate
560 2267 709 2328 exercitus
730 2267 802 2332 edit
843 2271 927 2332 Acce
948 2271 1066 2347 toinde
1081 2273 1163 2334 seni-

158 2358 210 2413 ttrs
224 2353 355 2419 decreto,
368 2355 459 2420 utet,
469 2346 598 2426 comitiis
612 2347 733 2426 curiatis
745 2356 903 2411 revocatus
939 2371 956 2410 e
975 2351 1088 2421 exsilio,
1095 2354 1162 2432 jus-

158 2452 194 2493 su
216 2431 319 2512 populi
331 2428 479 2490 Camillus
492 2428 622 2487 dictator
643 2431 793 2510 extemplo
807 2429 968 2503 diceretur,
994 2431 1163 2512 militesque

157 2512 300 2572 haberent
309 2511 527 2588 imperatorem,
535 2526 625 2586 quem
635 2508 758 2578 vellent,
768 2509 876 2570 eidem
888 2511 1049 2590 degressus
1059 2512 1163 2572 nunci-

155 2606 196 2652 us
209 2592 299 2670 Vejos
313 2587 489 2658 contendit:
510 2589 653 2668 missique
668 2589 800 2650 Ardeam
821 2587 912 2670 legati
932 2591 973 2651 ad
995 2591 1162 2660 Camillum,

158 2671 250 2750 Vejos
263 2690 332 2728 eum
347 2665 512 2748 perduxere
527 2691 534 2727 ε
556 2689 621 2738 seu,
632 2669 724 2749 (quod
738 2668 831 2752 magis
852 2669 975 2732 credere
995 2669 1080 2742 libet,
1104 2691 1159 2732 non

157 2749 241 2828 priuis
264 2748 429 2828 proiectum
452 2749 490 2806 ab
514 2747 627 2820 Ardea,
652 2748 743 2825 qudm
767 2749 914 2829 comperit
930 2751 1033 2832 'legem
1055 2751 1160 2818 latam

156 2828 239 2909 qudrl
253 2845 309 2888 neo
322 2824 437 2906 injussu
448 2826 560 2918 poppli
574 2825 684 2898 mutari
696 2826 804 2887 finibus
813 2829 928 2910 posset,
940 2849 1009 2900 nee,
1023 2831 1082 2894 nisi
1099 2831 1158 2892 dic·

87 2978 88 2981 ¹
157 2916 238 2970 tator
250 2909 359 2976 dietus,
372 2905 506 2986 auspicia
519 2926 551 2966 nr
562 2905 696 2967 exercitu
705 2906 826 3002 habere)
842 2907 893 2975 lex.
906 2910 1023 2974 curiata
1035 2912 1096 2974 luta
1108 2915 1160 2978 em

156 2989 349 3068 dictatorque
361 2988 468 3046 absens
482 2985 599 3058 dictus·
759 3033 760 3038 η

199 3069 330 3134 ΧΙΝΙΙ.
350 3067 430 3128 Dum
451 3066 517 3128 naec
539 3065 624 3148 Vejis
648 3067 820 3150 agebantur,
844 3068 965 3132 interim
986 3091 1042 3146 arx
1059 3072 1160 3132 nome

155 3148 400 3230 Capitoliumque
424 3147 456 3207 in
469 3145 583 3228 ingenti
596 3147 731 3228 periculo
744 3148 825 3222 fuit3
846 3151 977 3230 n'amque
992 3153 1083 3222 Galli,
1107 3168 1159 3210 seu

157 3228 281 3310 vestigio
304 3233 405 3288 notato
418 3227 556 3297 humano,
580 3233 644 3307 qud
670 3227 799 3308 nuncius
823 3230 840 3288 d
867 3231 953 3312 chis
977 3233 1164 3313 pervenerat,

154 3313 280 3373 seu-sua
293 3307 631 3389 sponte-animadverso,
639 3304 682 3392 ud¹
701 3307 871 3370 Carmentis
885 3327 1024 3372 saxorum
1036 3329 1164 3376 ascensu

154 3409 253 3470 reque,
279 3395 367 3448 nocte
388 3387 542 3458 sublustri,
566 3404 657 3467 quum
679 3388 775 3468 primu
797 3389 950 3461 inermem.
965 3392 1018 3470 qui
1033 3396 1165 3456 tentaret

155 3472 245 3539 uiam,
258 3465 488 3550 praemisissent,-
497 3468 654 3543 tradentes
670 3469 739 3536 inde
750 3489 842 3541 arura,
853 3471 903 3530 ubi
917 3471 993 3549 quid
1006 3471 1105 3554 iniqui
1120 3490 1166 3532 es·

154 3556 210 3620 set,
224 3546 333 3611 alterni
346 3545 448 3627 innisi,
471 3549 721 3628 sublevantesque
735 3549 766 3609 in
781 3551 877 3613 vicem
891 3555 922 3610 et
935 3551 1093 3614 trahentes
1114 3551 1165 3614 elii

152 3631 238 3700 alios,
250 3632 339 3708 prout
349 3626 514 3706 postularet
528 3629 612 3688 locus
621 3647 635 3699 .;
655 3634 739 3690 tanto
753 3629 872 3702 silentio
884 3629 916 3689 in
930 3651 1083 3702 summum
1095 3651 1167 3694 cva-

151 3729 230 3778 sere,
244 3712 278 3766 ut
291 3725 352 3767 non
362 3707 503 3766 custodes
516 3708 613 3775 solum
627 3707 777 3780 fallerent,
804 3710 857 3780 sed
872 3729 910 3770 ne
925 3731 1017 3786 canes
1029 3705 1168 3792 quidem,

151 3787 315 3862 sollicitum
339 3784 502 3847 animated
515 3792 677 3848 nocturnos
697 3787 852 3870 strepitus,
875 3789 1056 3869 excitarent.
1099 3795 1169 3853 Ἀυ-

152 3881 233 3926 seres
247 3883 308 3924 nen
318 3863 465 3935 fefellere,
491 3865 601 3945 quibus
619 3867 718 3930 sacris
733 3867 849 3933 lunoni
873 3868 905 3942 in
930 3889 1048 3934 summa
1061 3869 1167 3956 inopie
