2634 4392
194 280 232 334 aa
304 231 308 236 ’
614 274 653 335 r.
668 272 774 338 mvn

193 432 480 495 oxtemum‘interim
492 433 605 494 bellum
625 434 759 496 eximat?
787 429 899 494 nullan
920 435 1060 515 profecto,
1072 433 1125 494 nisi
1143 434 1168 496 lu

192 515 352 574 concordia
372 514 492 582 civium,
512 535 595 594 spem
614 516 760 594 reliquam
781 515 912 586 ducere3
932 533 995 575 eam
1016 535 1067 594 per
1085 533 1168 592 aequa,

190 615 244 675 per
263 595 376 674 iniqua,
409 595 660 657 reconciliandam
694 595 808 655 civitati
829 615 903 656 esse.
957 594 1073 654 Placuit
1089 593 1168 672 igitur

190 681 336 734 oratorem
356 674 396 734 ad
409 675 525 754 plebem
540 673 617 743 mitti
639 675 812 734 Menenium
835 674 1007 766 Agrippam,
1024 673 1169 733 facundum

188 753 285 814 virum
307 761 347 823 et,
370 757 449 833 quod
464 753 534 817 inde
547 754 690 815 oriundus
712 762 785 822 erat,
799 755 877 834 plebi
891 775 1000 814 carum.
1040 752 1170 822 Ieiuno·

187 834 298 894 missus
312 842 420 904 castra,
433 834 531 914 prisco
551 833 603 893 illo
623 833 745 894 dIcendi
765 829 797 894 et
808 833 926 895 horrido
941 835 1024 895 modo
1044 831 1113 892 nihil
1126 830 1170 890 ali·

188 915 240 983 nd,
253 915 343 994 qulm
358 915 421 984 hoc,
442 923 580 974 narrasse
601 914 715 973 fertur:
734 926 751 950 ‘⁴
763 913 923 995 Tempore,
944 934 1001 994 quo
1014 913 1044 972 in
1057 910 1168 978 homine,

188 1012 258 1063 non,
278 1000 313 1054 ut
339 1014 429 1063 nunc,
450 993 548 1053 omnia
567 994 599 1052 in
619 999 712 1053 unum
733 995 969 1064 consentiebant,
988 993 1040 1054 sed
1060 990 1168 1072 singulis

188 1074 329 1134 membris
343 1094 429 1134 snum
443 1075 552 1152 cuique
573 1074 739 1144 consilium,
761 1095 832 1135 suus
853 1095 950 1134 sermo
970 1069 1168 1160 fueratindig·

187 1164 274 1216 natas
307 1154 435 1232 reliquas
455 1165 565 1234 partes,
586 1162 639 1232 sut
663 1163 744 1224 curt,
774 1175 827 1214 suo
846 1154 947 1216 labore
968 1175 1004 1214 ac
1025 1150 1169 1211 misisteno

188 1234 286 1294 ventri
307 1235 403 1294 omnia
417 1234 535 1312 quari:
555 1240 698 1303 uentrem,
718 1233 861 1310 Inmedio
881 1235 1027 1313 quietum,
1045 1228 1170 1292 nihil-ali·

186 1315 239 1384 ud,
260 1315 349 1392 qulm
363 1314 441 1373 datis
455 1315 653 1393 voluptatibus
667 1313 744 1386 frui:
765 1313 952 1396 conspirasse
973 1315 1059 1382 inde,
1072 1331 1107 1370 ue
1120 1329 1167 1367 ma·

186 1412 244 1454 nus
258 1394 295 1453 ad
317 1415 349 1454 os
370 1394 466 1454 cibum
488 1393 609 1463 ferrent,
622 1414 678 1453 nec
692 1415 725 1454 os
737 1393 888 1474 acciperet
908 1395 1021 1463 datum,
1042 1411 1095 1452 nec
1108 1390 1167 1448 den·

177 1479 234 1532 tes
255 1474 456 1544 conficerent3
483 1473 540 1531 hac
562 1473 617 1542 ira,
638 1474 709 1532 dum
730 1483 863 1534 ventrem
885 1473 1103 1542 fame-domare,
1118 1465 1168 1526 vel·

186 1553 259 1621 lent,
280 1553 343 1632 ipsa
364 1555 424 1612 unl
445 1554 575 1612 membra
595 1560 748 1634 totumque
769 1573 877 1634 corpus
898 1556 935 1614 ad
958 1563 1115 1618 extremam
1132 1555 1168 1606 ta·
1209 1615 1210 1626 χ

185 1634 253 1707 bem
266 1634 393 1705 venisse.
433 1634 509 1693 Inde
522 1634 703 1713 apparuisse,
724 1635 838 1696 ventris
859 1654 976 1714 quoque
997 1632 1074 1694 haud
1095 1647 1167 1708 segne
1209 1691 1210 1696 η

185 1713 381 1773 ministerium
404 1732 491 1783 esse;
511 1733 567 1772 nee
581 1713 674 1794 magis
696 1713 745 1781 ali,
766 1714 858 1793 quim
874 1715 953 1780 alere
967 1735 1044 1781 eum,
1057 1709 1168 1772 reddeu-
1209 1711 1210 1786 J

185 1800 247 1854 tem
268 1793 300 1851 in
321 1813 422 1854 omnes
443 1793 572 1873 corporis
593 1801 692 1873 partes
713 1795 802 1862 hunc,
817 1815 881 1874 quo·
897 1795 1023 1853 vivimus
1037 1792 1167 1872 vigemus·
1209 1787 1210 1856 J

186 1894 255 1952 que,
269 1874 397 1932 divisum
419 1873 530 1952 pariter
550 1873 582 1931 in
595 1893 694 1935 venas-
709 1881 865 1942 maturum,
879 1874 1018 1932 confecto.
1027 1873 1101 1939 cibo,
1114 1883 1168 1928 sau·
1209 1867 1210 1908 1

152 1985 155 2005 ι
171 1954 340 2018 ,ιυίηεηιΡ
382 1953 589 2031 comparando
603 1952 681 2022 hinc,
696 1974 735 2032 qu
744 1955 783 2013 lni
799 1952 939 2014 intestina
961 1949 1090 2030 corporis
1102 1945 1167 2007 serii·
1209 2017 1210 2020 Ἴ

136 2073 146 2127 1,-
185 2035 227 2094 tio
241 2031 346 2093 similis
360 2038 438 2094 esset
452 2031 504 2092 irae
526 2032 622 2112 plebis
643 2031 675 2094 in
696 2034 809 2102 Patres,
824 2031 941 2094 flexisse
955 2039 1071 2098 mentes
1091 2025 1168 2088 homi·
1209 2033 1210 2078 ὲ

184 2135 266 2176 nom.
704 2147 705 2150 =
960 2145 963 2148 -
1019 2133 1024 2142 ,

224 2195 371 2254 XXXIII.
392 2193 450 2276 Agi
472 2194 581 2255 deinde
601 2195 639 2254 de
661 2195 978 2276 concordiatcoeptum,
998 2185 1170 2260 concessum,

185 2295 243 2354 que
263 2274 295 2334 in
316 2275 511 2345 conditiones,
532 2285 566 2334 ut
586 2275 665 2354 plebi
687 2275 732 2333 sui
754 2277 943 2356 magistratus
964 2281 1067 2334 essent
1086 2277 1167 2330 sacro·

185 2356 291 2425 saneti,
312 2355 418 2435 quibus
439 2354 543 2415 auxilii
562 2355 639 2414 latio,
655 2354 798 2414 adversus
821 2355 959 2414 consules
981 2360 1082 2422 esset3
1107 2364 1168 2408 neve

185 2439 233 2496 oni
247 2437 370 2496 Patrum
392 2456 497 2514 cupere
518 2454 585 2494 eum
607 2433 810 2513 niagistratum
832 2433 945 2493 liceret
1001 2435 1050 2492 Ita
1069 2424 1164 2490 tribuni

183 2516 280 2597 plebei
300 2515 393 2576 creati
407 2515 475 2584 duo,
489 2515 525 2573 C.
539 2513 676 2574 Idcinius
697 2520 728 2573 et
746 2514 783 2571 L.
798 2513 946 2586 Albinus3
966 2513 996 2572 bi
1011 2519 1072 2574 tres
1092 2507 1167 2568 colle·

182 2617 236 2678 gas
250 2595 304 2656 sibi
326 2603 522 2665 creaverunt3
544 2595 574 2654 in
596 2595 641 2654 bis
663 2593 807 2654 Sicinium
821 2593 924 2664 fuisse,
945 2591 1098 2656 seditionis
1111 2605 1167 2673 auc:

183 2683 299 2748 torem}
319 2676 357 2736 de
377 2675 501 2744 duobus,
515 2675 567 2754 qui
587 2674 709 2744 fuerint,
723 2674 822 2732 mimis
843 2675 991 2733 conuenit.
1033 2675 1115 2739 Sunt,
1127 2683 1168 2744 qul

184 2759 260 2818 duos
274 2758 389 2816 tantlm
410 2755 442 2814 in
463 2757 554 2814 Sacro
575 2761 675 2813 monte
697 2761 812 2814 creatos
833 2753 965 2814 tribunos
988 2775 1053 2814 esse
1074 2751 1169 2810 dicant,

180 2834 282 2916 ibique
303 2839 448 2896 sacratam
469 2835 680 2914 legem-latam.
721 2835 780 2893 Per
800 2835 999 2894 secessionem
1013 2832 1105 2914 plebis
1125 2828 1165 2916 Sp

182 2919 304 2978 Cassius
323 2924 356 2975 et
385 2917 544 2992 Postumus
569 2913 723 2974 Cominius
745 2914 932 2974 consulatum
953 2915 1103 2980 inierunt;
1134 2907 1169 2965 Ins

183 2997 352 3058 consulibus
367 3015 435 3054 cum
449 2990 567 3065 latirus
582 2994 700 3075 popuIIs
713 2993 805 3052 ictum
820 2995 920 3055 fredus
932 3015 946 3066 ;¹
961 2996 999 3053 ad
1021 2994 1051 3052 id
1073 2988 1167 3050 ferien-

182 3078 254 3143 dum
275 3076 377 3138 consul
391 3074 468 3135 alter
482 3076 585 3135 Romae
600 3074 708 3135 mansit
720 3096 729 3145 3
762 3076 848 3140 alter,
862 3075 898 3134 ad
915 3075 1056 3132 Volscum
1070 3069 1169 3130 bellun

181 3159 298 3226 missus,
319 3155 458 3216 Antiates
489 3155 615 3215 Volscos
637 3155 735 3214 fundit
765 3153 922 3232 fugatque:
957 3151 1122 3231 conspulsos
1144 3145 1169 3203 in

182 3237 322 3319 oppidum
344 3236 510 3316 Longulam
532 3242 713 3315 persecutus⁵
745 3231 893 3291 moenibus
922 3231 1045 3312 potitur.
1105 3227 1168 3289 Inde

180 3319 350 3385 Poluscam,
371 3321 441 3376 rtem
465 3315 647 3382 Volscorum,
670 3311 769 3392 cepit:
795 3316 859 3370 tum
881 3319 988 3394 magnt
1007 3312 1038 3370 ui
1059 3311 1170 3372 adortus

182 3406 229 3460 est
242 3395 402 3464 Coriolos·
425 3396 500 3455 Erat
515 3403 576 3454 tum
596 3393 628 3453 in
649 3391 755 3452 eastris
776 3391 854 3451 inter
875 3391 1017 3473 primores
1034 3395 1170 3475 juvenum

182 3479 218 3541 C.
233 3475 377 3544 Marone,
397 3476 570 3536 adolescens
592 3482 622 3534 et
642 3472 766 3542 consilio
786 3481 817 3532 et
838 3493 925 3532 manu
947 3480 1109 3553 promptus
1129 3483 1170 3524 cul

182 3556 345 3640 cognomen
358 3562 469 3635 'postea
490 3555 648 3614 Coriolano
670 3552 737 3614 fuit.
777 3553 874 3626 Quum
896 3553 993 3612 subiti
1014 3550 1169 3612 exercitum

179 3641 359 3705 Romanum,
379 3634 518 3695 Coriolos·
534 3635 726 3701 obsidentem,
747 3638 837 3712 atque
857 3633 888 3692 in
910 3633 1079 3714 oppidanos,
1104 3643 1171 3707 quos

178 3719 262 3778 intus
276 3717 392 3777 clausos
405 3715 538 3780 babebat,
552 3713 701 3772 intentum
723 3713 787 3772 sine
807 3713 869 3771 ullo
890 3721 970 3774 metu
993 3710 1171 3772 extrinsecus

166 3795 362 3859 *emisenae
373 3792 453 3863 beIII,
475 3792 594 3854 Volscae
608 3792 749 3876 legiones,
770 3793 914 3874 proiectae
928 3797 965 3856 ab
979 3789 1080 3860 Antio,
1094 3789 1171 3849 insa·
