2634 4392
155 315 196 373 62
574 315 614 375 T.
627 313 738 379 mvn

790 449 797 464 d

154 492 215 534 um.
255 471 425 533 Secundum
438 493 558 556 posnam
578 475 760 545 nocentium,
773 475 852 537 utin
865 479 1154 570 utramquepartem

153 552 292 615 arcendis
304 554 467 616 sceleribus
481 556 648 635 exemplum
664 555 762 617 nobile
776 563 865 628 esset,
878 579 1036 698 praemrum
1048 559 1156 632 indici,

153 633 281 715 pecunie
289 653 326 693 ex
334 633 448 705 serario,
456 634 578 697 libertas
587 636 740 706 etcivites,
751 637 830 697 data.
851 637 908 698 lle
928 638 1055 719 primurn
1077 639 1156 700 dici·

152 720 204 773 tur
230 712 364 773 vindicta
391 715 556 788 liberatus3
588 716 711 794 quidam
731 715 875 778 vindictae
908 737 1025 810 quoque
1046 739 1157 782 nomeu

152 797 284 853 tractum
304 793 406 855 abillo
427 800 552 878 putante
573 796 714 857 Vindicio
733 796 791 889 ipsi
812 817 918 858 nomen
940 799 1040 859 luisse.
1083 800 1158 861 Post

152 872 238 934 illurn
252 876 448 945 observatum,
462 881 505 946 ut,
518 876 571 956 qui
582 875 626 937 ita
639 876 756 948 liberati
769 883 880 950 essent,
892 877 924 938 in
939 877 1091 940 civitatem
1105 900 1157 942 ac·

153 971 188 1014 ce
209 953 233 1012 ti
248 954 431 1015 viderentur.

223 1034 248 1092 1.
272 1033 337 1102 llis,
351 1035 429 1096 sicut
448 1041 518 1096 acta
537 1043 632 1108 erant,
653 1036 812 1106 nunciatis,
831 1037 1159 1132 incensus11Tarquini·

152 1129 189 1172 us
215 1131 275 1174 non
301 1114 403 1175 ‹lolore
423 1116 521 1176 soldm
541 1124 632 1177 tantae
653 1118 692 1177 ad
713 1117 829 1178 irritum
851 1118 988 1178 cadentis
1009 1138 1081 1200 sper,
1103 1119 1159 1180 sed

153 1192 244 1253 etiam
265 1194 333 1254 odio
345 1195 461 1274 iraque,
474 1206 630 1275 postquam
650 1197 720 1255 dolo
735 1197 812 1256 viam
826 1199 980 1276 obseptam
994 1199 1079 1269 vidit,
1092 1200 1159 1260 bel-

153 1271 217 1331 lum
230 1275 332 1354 apertd
346 1273 529 1335 moliendum
542 1284 636 1344 ratus,
649 1275 806 1336 circumire
821 1277 947 1357 supplex
960 1278 1090 1340 Etruriae
1105 1297 1158 1338 ur-

152 1353 226 1423 bes;
259 1373 343 1414 orare
356 1354 484 1414 maxime
497 1355 641 1434 Vejentes
655 1355 961 1436 Tarquiniensesque,
981 1370 999 1394 ‘⁶
1011 1378 1049 1418 ne
1064 1379 1096 1418 se
1110 1377 1159 1419 or·

152 1437 226 1502 tum,
240 1433 374 1512 ejusdem
396 1432 557 1514 sauguinis,
578 1440 725 1497 extorrem
746 1441 882 1518 egentem
906 1445 1048 1499 extento
1069 1435 1159 1498 modo

154 1531 256 1593 regno,
281 1529 349 1572 cum
369 1512 470 1576 liberis
491 1514 731 1576 adolescentibus
754 1519 824 1576 ante
845 1516 948 1577 oculos
969 1537 1039 1577 suos
1060 1517 1159 1598 perire

154 1591 297 1651 sinerent.
338 1592 424 1653 Alios
483 1612 514 1653 re
550 1593 610 1654 sin
624 1613 749 1676 reguum
763 1595 888 1656 Romam
901 1596 1035 1668 accitos3
1056 1616 1088 1657 se
1110 1617 1159 1658 re-

152 1691 230 1753 gem,
244 1678 401 1753 augentem
414 1676 450 1734 be
464 1674 493 1733 lo
514 1610 560 1732 llo

152 1758 219 1811 ratt
234 1753 440 1832 conjuratione
453 1754 592 1834 pulsnm:
623 1774 676 1814 eos
686 1753 766 1816 inter
779 1775 820 1826 se,
834 1755 905 1836 quia
917 1776 1004 1817 nemo
1018 1775 1096 1816 unus
1110 1775 1160 1817 sa·

560 1695 682 1734 manum
694 1675 861 1755 imperium,
877 1677 893 1735 d
905 1675 1048 1757 proximis
1061 1677 1160 1738 scele·
1225 1661 1226 1692 ¹

153 1830 315 1924 tisdignus
329 1853 420 1914 regno
442 1834 524 1894 visus
548 1833 596 1902 sit,
616 1841 718 1914 partes
732 1835 815 1927 regni
835 1835 967 1916 rapuisse
978 1855 988 1906 ς
1007 1839 1083 1896 bona
1105 1855 1162 1896 sua
1225 1903 1226 1908 η

154 1911 322 1991 diripienda
341 1913 454 1992 populo
477 1913 606 1984 dedisse,
631 1934 671 1975 ne
691 1933 759 1993 qurs
786 1934 891 1996 expers
919 1914 1040 1975 sceleris
1068 1915 1163 1977 esset.

154 1990 287 2052 Patriam
301 2012 334 2051 se
353 2008 368 2053 r
405 2008 536 2072 numque
550 2010 636 2053 sunm
658 1999 804 2074 repetere,
825 2000 855 2054 et
867 1993 1006 2074 persequi
1025 1993 1162 2076 ingratos
1225 1997 1226 2004 ’

154 2071 237 2133 cives
257 2071 346 2132 velle.
411 2079 511 2140 errent
524 2090 619 2154 opem,
632 2075 828 2154 adJuvarent3
849 2093 918 2134 suas
931 2087 1050 2154 quoque
1075 2081 1162 2136 rete·

153 2170 203 2212 res
226 2152 351 2232 injurias
370 2153 467 2214 ultum
487 2154 576 2223 irent,
596 2154 686 2234 toties
707 2173 800 2216 cosas
819 2154 960 2238 legiones,
981 2173 1083 2236 agrum
1104 2153 1161 2214 ad-

154 2233 320 2311 emptum.”
361 2231 779 2316 llaecnmveruntvcjentes3
800 2253 895 2316 acpro
907 2255 939 2294 se
950 2234 1085 2313 quisque,
1096 2231 1160 2293 Ro-

156 2328 244 2372 mano
264 2311 371 2374 saltem
392 2313 479 2386 duce,
501 2314 679 2396 ignominias
700 2315 872 2384 demendas,
891 2313 1030 2392 belloque
1050 2311 1162 2373 amissa

154 2393 327 2473 repetenda,
359 2392 515 2455 minaciter
543 2393 685 2452 fremunt.
725 2390 966 2471 Tarquinienses
993 2408 1102 2452 nomen
1123 2411 1159 2454 ac

156 2473 295 2555 cognatio
312 2481 432 2543 movete
452 2473 608 2554 pulchrum
628 2471 795 2542 ridebatur,
808 2491 878 2532 suos
899 2471 1003 2533 Rornae
1024 2491 1161 2554 regnare.
1226 2491 1227 2546 l

157 2553 206 2613 lta
227 2553 287 2613 duo
312 2552 437 2612 duarum
458 2552 614 2614 civitatum
635 2552 794 2621 exercitus,
815 2551 854 2612 ad
875 2551 1071 2634 repetendum
1090 2570 1161 2644 reg-
1226 2567 1227 2616 l

155 2651 230 2693 num
254 2632 393 2712 belloque
413 2633 635 2713 persequendos
656 2633 815 2702 Romanos,
837 2632 932 2692 secuti
952 2632 1161 2712 Tarquinium.

156 2713 321 2793 Postquam
333 2712 365 2771 in
379 2732 482 2792 agrum
494 2714 663 2773 Romanum
672 2717 794 2771 ventum
809 2718 865 2780 est,
876 2711 992 2772 obviarn
999 2711 1077 2772 hosti
1087 2729 1160 2771 con-

157 2793 239 2853 sules
251 2797 347 2852 eunt·
373 2791 512 2852 Valerius
525 2793 671 2872 quadrato
685 2791 801 2872 agmine
814 2789 943 2872 peditem
955 2791 1061 2853 ducite
1081 2791 1159 2850 Bru·
1226 2785 1227 2798 ¹

156 2879 206 2932 tus
221 2871 259 2932 ad
280 2870 494 2951 explorandum
507 2889 575 2932 eum
597 2871 732 2950 equitatu
747 2870 919 2932 antecessit.
971 2869 1083 2932 llodem
1096 2889 1158 2931 mo-

156 2951 195 3014 do
208 2950 320 3031 primus
333 2968 425 3030 eques
438 2952 565 3012 hostium
579 2951 706 3034 agminis
717 2949 783 3022 luit,
799 2951 938 3034 (praeerat
959 2951 1059 3012 Amos
1083 2949 1162 3011 Ter·

158 3031 289 3112 quirius,
315 3029 395 3091 lilius
416 3031 521 3174 regispJ
532 3051 586 3092 rex
611 3032 676 3114 ipse
698 3053 766 3093 oum
787 3032 952 3114 legionibus
973 3033 1162 3108 sequebatur.

159 3117 271 3183 Aruns,
284 3111 334 3172 ubi
355 3131 391 3172 ex
404 3111 502 3172 lictori
522 3132 557 3172 us
571 3114 676 3194 procul
691 3113 842 3173 consulem
864 3129 949 3178 esse;
970 3108 1079 3168 deinde
1096 3111 1162 3187 jam

159 3191 280 3272 propiis
293 3211 329 3251 ac
343 3191 454 3252 certirls
463 3191 547 3252 {acie
560 3211 678 3272 quoqne
693 3191 821 3250 Brutum
836 3188 982 3272 cognovit,
992 3185 1162 3250 inflamma·

159 3277 210 3329 tus
223 3270 275 3339 ira,
288 3283 306 3308 “
317 3271 374 3330 llle
388 3278 434 3331 est
447 3271 525 3342 vir,”
538 3271 647 3349 inquit,
667 3268 745 3348 “qui
766 3289 820 3329 nos
834 3277 966 3329 extorres
979 3267 1095 3348 expulit
1130 3289 1163 3330 a·

159 3349 228 3410 tria.
267 3351 346 3432 Ipse,
369 3368 417 3420 en,
429 3351 492 3420 ille,
511 3350 621 3411 nostris
635 3349 793 3409 decoratus
807 3348 981 3430 insignibus,
1003 3287 1162 3428 magnilioe

160 3427 282 3491 incedit.
324 3430 373 3489 nii
387 3448 487 3510 regum
509 3431 621 3490 ultores
641 3429 779 3490 adeste.”
834 3427 974 3489 Concitet
995 3427 1162 3488 calcaribus

161 3503 281 3591 equum,
291 3517 381 3588 atque
394 3509 427 3568 in
439 3509 536 3590 ipsum
550 3509 677 3571 infestus
692 3509 844 3569 consulem
858 3507 968 3588 dirigit.
1010 3507 1111 3568 Sensit
1130 3507 1164 3568 in

161 3610 194 3651 se
207 3591 245 3650 iri
266 3590 386 3649 Brutus.
427 3589 577 3651 Decorum
596 3595 660 3649 erat
682 3594 743 3648 tum
765 3589 775 3647 i
797 3588 837 3647 sis
858 3607 1012 3668 capessere
1033 3607 1070 3666 po
1114 3605 1164 3648 am

162 3670 308 3729 ducibnsr
328 3666 413 3729 avidd
426 3668 528 3750 itaque
538 3685 571 3730 se
584 3668 742 3729 certamini
756 3607 861 3739 odem
895 3667 1034 3749 adeoque
1043 3666 1073 3724 in
1088 3667 1164 3727 estis

162 3749 269 3809 animis
290 3757 511 3820 concurrerunt,
544 3754 658 3818 neuter,
679 3748 750 3808 dum
780 3747 894 3808 hostem
914 3749 1093 3816 vulneraret,
1113 3747 1164 3808 sui

162 3828 336 3910 protegendi
365 3828 496 3912 eorporis
525 3847 648 3900 memor,
670 3835 715 3902 nt,
740 3827 888 3892 contrario
911 3829 974 3893 ictu
1004 3845 1058 3908 per
1090 3845 1162 3908 par·
