2634 4392
483 309 725 376 'urnnuru
903 334 906 342 ·
1070 319 1127 379 191
1215 392 1216 399 Ν

138 493 264 554 agrorum
277 469 416 534 timentes
430 461 634 542 instructus,
648 463 897 553 Pomptinumque
906 492 1008 554 ugrum
1020 479 1051 534 et
1062 473 1126 535 Cu·
1215 474 1216 515 ³

101 597 104 614 .
137 573 201 622 mas,
224 555 384 634 postremb'
395 552 428 612 in
442 553 582 630 ¹Siciliam
604 571 723 632 quoque
741 551 884 611 frumenti
904 560 993 613 causi
1008 552 1126 614 misere.

138 633 338 694 Consularium
353 633 537 692 comitiorum
559 633 642 693 nulla
656 631 768 706 mentio
782 630 882 695 habita
902 640 958 702 est,
997 631 1126 698 Tribuni

138 711 257 774 militum
278 713 429 804 consulari
444 719 594 793 potestate
607 731 710 772 omnes
731 711 850 791 patricii
871 712 963 771 creati
984 721 1064 782 sunt,
1088 714 1126 772 L.

139 791 268 852 Pinarius
283 791 497 862 Mamercrnus,
511 793 547 851 L.
558 792 668 851 Furius
681 789 880 858 Medullinus,
895 792 946 870 Sp.
956 791 1126 853 Postumius
1215 812 1216 819 ¹

137 873 249 931 Albus*
275 875 319 944 Eo
330 893 408 932 annu
422 871 467 933 vis
478 871 571 944 morbi
582 867 690 941 levata,
701 873 799 949 neque
814 869 963 950 dpenuria
973 871 1126 940 frumenti,
1215 932 1216 937 ,

136 951 199 1029 quis
212 953 282 1012 ante
317 949 446 1013 revisum
459 943 540 1020 erat,
556 951 723 1032 periculum
743 951 810 1010 fuit.
851 950 984 1010 Consilia
1004 951 1042 1011 ad
1061 971 1126 1010 mo-

135 1031 227 1091 venda
259 972 316 1092 bei

135 1111 250 1194 Etruria
264 1111 302 1170 ad
316 1111 419 1174 sanum
430 1107 615 1179 Voltumnae,
623 1109 741 1191 agitata.
783 1110 829 1168 lbi
838 1110 962 1189 prolatae
974 1110 1005 1167 in
1016 1129 1128 1170 annum

134 1209 185 1258 res,
197 1189 378 1272 decretoque
392 1191 523 1260 cautum,
544 1185 582 1249 'ne
596 1191 677 1268 quod
691 1196 762 1249 ante
775 1189 934 1263 concilium
947 1189 1053 1259 fieret3
1074 1209 1128 1250 ne-

135 1271 290 1349 quicquam
304 1273 432 1350 Vejente
453 1269 562 1351 populo
583 1270 895 1347 querenteeandem,
919 1276 980 1348 qua
1004 1269 1128 1333 Fidenoe

133 1349 237 1409 deletae
251 1351 322 1419 sint,
335 1349 489 1409 imminere
503 1349 586 1428 Vejis
598 1349 756 1418 fortunam.
796 1348 920 1409 iuterim
932 1350 1035 1411 Romae
1044 1349 1129 1440 prin·

133 1428 211 1506 cipes
226 1429 329 1506 plebio,
338 1429 454 1508 jamdiu
466 1429 663 1509 nequicquam
675 1429 865 1501 imminentes
876 1428 938 1509 spei
951 1427 1128 1508 majorrsho·

131 1509 220 1577 noris,
234 1507 305 1568 dum
319 1507 390 1571 foris
404 1509 496 1568 otium
508 1515 597 1576 esset,
618 1515 717 1570 coetus
730 1508 862 1568 indicere
873 1509 905 1567 in
918 1509 1020 1568 domos
1034 1507 1127 1568 tribu-

132 1605 235 1646 norum
249 1587 366 1668 plebei3
386 1589 427 1650 ibi
442 1595 557 1648 secretu
569 1588 694 1647 consilia
702 1589 814 1668 agitare
826 1608 834 1644 ε
856 1588 950 1665 queri,
964 1589 1052 1648 ‘sset
1063 1589 1128 1668 ple-

133 1667 164 1726 be
174 1667 253 1726 sded
263 1676 388 1748 spretos,
399 1674 441 1736 ut,
453 1687 544 1746 quum
559 1685 612 1748 per
623 1673 672 1726 tut
683 1666 902 1743 anuos-tribuni
915 1668 1042 1727 militum
1057 1688 1128 1728 con·

132 1747 222 1808 sulari
231 1746 380 1832 potestate
391 1751 538 1816 creentur,
551 1745 628 1812 nulli
642 1765 773 1822 unquam
782 1745 897 1824 plebeio
910 1746 948 1806 ad
960 1767 1028 1817 eum
1036 1747 1130 1806 hono·

132 1844 190 1886 rem
216 1825 316 1887 aditus
329 1825 441 1898 fuerit,
461 1827 588 1885 multum
604 1825 769 1905 providisse
781 1844 850 1884 suos
863 1827 999 1906 majores,
1012 1825 1065 1906 qui
1079 1846 1130 1886 ca·

131 1905 236 1975 verint,
249 1905 348 1966 necui
363 1905 485 1986 patricio
496 1905 604 1986 plebeii
624 1904 816 1984 magistratus
829 1909 967 1984 paterent
980 1927 990 1978 3
1010 1912 1063 1966 aut
1075 1927 1130 1987 ps-

132 1985 232 2046 tricies
252 1986 402 2050 hubendos
423 1986 516 2047 fuisse
524 1984 663 2062 'tribunos
677 1984 774 2064 plebei
787 2005 798 2054 3
817 1983 894 2043 adeo
914 2004 947 2046 se
961 1985 1023 2046 suis
1037 1986 1129 2047 etiarn

132 2067 263 2133 sordere,
276 2066 369 2124 necat
395 2066 482 2145 plebe
496 2062 605 2132 minute,
631 2067 722 2141 qudrn
749 2065 767 2123 i
786 2064 925 2134 Patribus
947 2065 1129 2125 contemni.”

131 2139 201 2202 Alii.
217 2161 343 2234 purgare
382 2144 490 2212 iebem,
517 2143 633 2223 culpam
660 2142 692 2201 in
710 2144 817 2213 Patres
838 2150 977 2204 vertere:
997 2156 1130 2205 “eorum

131 2221 291 2282 smbitrone
305 2164 477 2306 nitidusque
491 2223 565 2292 lieri,
579 2228 612 2281 ut
623 2225 777 2302 obseptum
790 2223 870 2304 plebi
885 2222 924 2282 sit
936 2224 975 2284 ad
988 2225 1129 2284 honorem

130 2301 187 2362 iter
201 2322 211 2372 ;
234 2301 258 2360 si
280 2301 359 2383 plebi
373 2303 519 2384 respirare
540 2304 576 2362 ab
590 2322 693 2362 eorum
707 2301 957 2382 mixtisprecibus
979 2304 1130 2381 minisque

130 2380 231 2450 liccat,
245 2401 405 2442 memorem
420 2403 482 2444 eam
499 2387 618 2442 suorum
632 2380 774 2442 inituram
785 2383 925 2461 suffragia
935 2403 1010 2452 esse,
1021 2389 1131 2462 etpur-

132 2465 160 2520 to
174 2459 455 2543 auxilioimperium
469 2481 587 2542 quoque
601 2461 816 2522 adscituram.'’
857 2464 972 2532 Placet,
986 2462 1130 2524 tollendas

130 2539 296 2602 ambitionis
311 2548 403 2606 caust
417 2541 549 2602 tribunos
566 2541 666 2619 legem
680 2541 879 2621 promulgare,
906 2561 945 2600 nc
959 2543 1008 2602 cui
1028 2544 1129 2603 album

131 2618 159 2678 in
183 2619 397 2682 vestimentum
424 2619 544 2691 addere,
570 2618 724 2700 petitionis
750 2620 857 2680 liceret
883 2630 986 2697 causa
1032 2625 1131 2684 Parva

132 2701 209 2760 nunc
225 2720 282 2770 ree,
296 2708 328 2775 et
341 2701 391 2760 vix
406 2699 483 2760 serii>
497 2699 611 2782 agenda
624 2697 721 2760 videri
733 2699 837 2780 possit,
857 2704 926 2779 quae
940 2707 1013 2761 tunc
1022 2703 1135 2784 ingen·-

131 2779 154 2838 ti
166 2781 332 2840 certamine
346 2781 451 2842 Patres
472 2798 507 2838 ac
521 2782 637 2860 plebem
650 2779 798 2839 accendit
840 2781 948 2840 Vicere
963 2792 1062 2842 tamen
1076 2780 1131 2841 tri·

309 1032 390 1092 lain
421 1033 596 1091 Volscorum
618 1031 848 1109 AEquorumque
869 1030 1072 1098 conciliis,·et
1094 1030 1127 1089 in
1215 1048 1216 1051 ’

132 2859 210 2928 buni,
238 2867 274 2919 ut
297 2859 393 2939 legem
406 2859 595 2938 perterrente
617 2859 994 2942 apparebatqueirritstis
1015 2862 1131 2932 animis,
1214 2862 1216 2865 ’

130 2939 245 3017 plebem
259 2937 298 2997 ad
312 2957 382 2996 suos
408 2930 731 3016 studia'inclinaturam
745 2959 755 3008 ς
775 2944 843 3016 quae
859 2959 898 2998 ne
911 2939 1003 3001 libera
1018 2952 1147 3013 essent,‘

134 3017 426 3082 senatusconsultum
445 3015 559 3082 factum
579 3022 634 3085 est,
657 3022 703 3075 ut'
720 3018 891 3086 consularia
902 3020 1022 3080 comitia
1042 3023 1130 3081 babe-

132 3107 272 3170 rentur.,
527 3129 529 3132 ·
619 3131 622 3138 ι
710 3147 712 3153 ,

169 3176 285 3237 XXVI.
305 3175 468 3236 Tumultus
483 3193 573 3236 causa
587 3173 665 3246 fuit;
678 3170 768 3257 quem
781 3177 819 3235 ab
833 3176 944 3255 AEquis
968 3183 1003 3237 et
1012 3179 1130 3253 Vqlscis

133 3253 237 3318 Latini
250 3261 338 3335 atque
354 3253 479 3316 Hernici
492 3256 681 3316 nunciarunt.
720 3256 759 3313 Τ.
773 3255 942 3329 Quinctius,
968 3258 1056 3318 Lucii
1070 3260 1128 3320 fili-

131 3357 177 3407 us,
200 3333 397 3398 Cincinnatus
422 3333 532 3416 (eidem
552 3342 583 3394 et
597 3337 701 3395 Penno
715 3355 877 3416 cognomen
893 3335 1026 3420 additur)
1042 3347 1072 3400 et
1092 3339 1130 3400 G.

132 3417 233 3476 Julius
245 3415 361 3487 Mento,
372 3415 510 3476 consules
521 3414 593 3476 facti
607 3436 615 3473 t
635 3415 693 3475 ne'o
706 3416 787 3494 ultrb
800 3422 897 3476 terror
909 3417 980 3479 belli
994 3427 1040 3478 est
1053 3419 1130 3480 dila-

134 3503 195 3556 tus.
236 3495 319 3576 Lege
333 3501 459 3565 sacrate,
473 3514 541 3576 quse
554 3494 684 3556 maxima
697 3494 776 3574 apud
798 3513 847 3554 eos
864 3496 907 3555 vis
922 3499 1059 3578 cogendae
1074 3498 1130 3559 mi-

135 3575 208 3636 litias
222 3583 296 3645 erat,
321 3575 440 3636 delectu
461 3573 568 3643 habito,
582 3574 723 3654 utrinque
737 3573 829 3634 validi
842 3577 990 3636 exercitus
1004 3577 1131 3656 profecti

135 3655 166 3714 in
182 3653 323 3736 Algidum
338 3671 501 3716 convenere
513 3674 522 3724 ;
536 3653 644 3732 ibique,
656 3648 788 3713 seorsum
799 3655 904 3734 AEqui,
915 3675 1046 3716 seorsum
1057 3657 1131 3717 Vul-

135 3737 190 3804 sci,
203 3741 299 3796 castra
313 3735 553 3804 communivere3
572 3733 781 3812 intentiorque,
796 3734 885 3812 quim
899 3755 1030 3813 unquam
1051 3738 1131 3807 anti,

135 3813 289 3875 muniendi
302 3814 519 3893 exercendique
532 3812 658 3874 militem
673 3833 743 3877 cura
762 3813 887 3872 ducibus
908 3822 991 3874 erata
1012 3835 1047 3874 eo
1060 3817 1130 3896 plus

136 3893 241 3956 nuncii
265 3892 386 3958 terroris
410 3895 536 3958 Romam
558 3894 696 3954 sttulere.
737 3893 859 3954 Senatui
872 3891 1050 3957 dictatorem
1067 3894 1130 3959 dici
