2634 4392
191 325 249 392 reo
607 288 650 420 ¹r.
664 315 773 398 mvl}

189 485 316 548 ditiones
330 481 521 564 accipiendas
533 487 608 552 esse,
635 501 696 542 uon
715 473 888 550 ferendas,⁵’
913 476 1089 562 respondite
1103 495 1181 545 “ue-

188 587 247 646 que
262 573 295 626 ut
308 565 445 628 venerint
465 563 502 624 ad
515 581 554 642 op
576 562 731 642 ugnandos
745 562 845 620 socios
864 561 963 653 populi
985 563 1112 624 Romani
1134 585 1182 626 sua

162 652 164 654 ’
187 647 317 717 arbitrio,
342 647 386 708 ita
399 645 528 722 abituros
570 643 668 702 olscos
689 661 763 701 esse.
788 641 883 700 'Dedi
898 644 1116 722 imperatorem,
1139 666 1182 704 ar·

186 746 236 786 ma
252 727 352 806 poni,''
361 729 459 808 juben
471 735 487 759 ‘⁵
500 723 629 784 latentes
640 720 779 786 victosse
794 728 870 789 esse,
883 728 914 781 et
924 721 1047 802 irnperio
1062 745 1182 805 parere3

174 805 284 876 aliter,
308 799 368 868 tam
384 802 568 872 abeuntibus,
582 801 673 881 quim
686 800 883 872 manentibus,
907 822 939 862 se
952 802 1065 863 hostem
1090 806 1181 864 inten-
1219 866 1221 877 ,

177 904 263 956 sum,
277 886 432 946 victoriam
444 883 543 965 potids
558 882 594 961 eii
606 881 734 950 Volscis,
753 883 843 962 quim
856 887 960 962 pacem
974 883 1108 955 infidam,
1129 887 1181 944 Ro-

186 985 265 1027 mam
279 965 475 1028 relaturum.”
516 961 618 1022 Volsci
633 961 767 1043 exiguam
782 982 863 1042 spem
878 964 910 1020 in
932 965 1031 1033 armiS,
1057 964 1119 1025 alia
1132 986 1180 1024 un·

186 1045 279 1126 dique
290 1045 430 1115 abscissi,
445 1064 534 1124 quum
550 1050 735 1115 tentissent,
743 1056 854 1123 praeter
873 1046 974 1102 cetera
987 1045 1180 1111 adversaloco
1219 1086 1221 1097 ·

187 1147 307 1208 quoque
327 1126 430 1204 iniquo
451 1124 489 1184 ad
509 1129 637 1206 pugnam
662 1121 822 1202 congressi,
849 1120 996 1203 iniquiore
1020 1125 1059 1184 ad
1078 1125 1180 1206 fugem,
1219 1122 1221 1143 ⁵

187 1228 279 1286 quum
294 1210 330 1268 ab
343 1205 422 1266 onmi
437 1207 520 1285 parte
535 1203 734 1270 caederentur,
746 1203 784 1262 ad
799 1222 904 1281 preces
920 1203 937 1260 al
951 1206 1113 1265 certamine
1121 1227 1179 1265 ver·

186 1286 222 1356 ui,
238 1287 340 1348 dedito
354 1287 533 1365 imperatore
545 1281 722 1363 traditisque
731 1281 830 1350 armis,
839 1283 1003 1364 subjugum
1014 1286 1107 1355 missi,
1118 1307 1178 1346 cum

185 1367 312 1448 singulis
325 1363 511 1426 vestimentis
525 1360 694 1445 ignominiae
710 1361 869 1442 cladisque·
879 1363 961 1444 pleni
975 1364 1161 1428 dimittuntur
1169 1387 1177 1437 ;

186 1453 226 1515 et,
253 1467 344 1526 quum
366 1443 568 1522 haud'procul
590 1444 664 1501 urbe
684 1442 823 1502 Tusculo·
846 1443 1063 1516 consedissent,
1088 1459 1179 1508 vetere

186 1521 426 1585 Tusculanorum
448 1521 515 1583 odio
530 1523 658 1583 inermes
672 1523 804 1603 oppressi
825 1523 975 1583 dederunt
999 1546 1111 1606 pamas,
1135 1527 1177 1585 vix

184 1607 304 1666 nunctis
318 1604 411 1665 cae‘dis
426 1603 548 1664 relictis.
587 1603 740 1662 Mmanus
756 1602 864 1662 Ardea
887 1603 1025 1666 turbatas
1040 1607 1177 1666 seditione

184 1707 244 1756 res,
258 1684 442 1767 principibus
455 1683 520 1766 ejus
533 1683 632 1742 motde
643 1682 741 1743 securi
756 1683 914 1763 percussis,
924 1685 1071 1764 bonisque
1083 1707 1175 1745 eorum

184 1765 216 1826 iu
231 1767 381 1846 publicum
404 1763 580 1826 Ardeatium
605 1763 744 1832 redactis,
767 1763 955 1843 composuit:
976 1765 1177 1847 demptamque

183 1843 442 1926 injuriamjudicii
456 1853 539 1912 tanto
552 1837 698 1906 beneficio
709 1843 809 1933 populi
824 1843 950 1903 Romani
957 1840 1111 1905 ‘Ardeates
1120 1866 1175 1906 cre·
1219 1888 1221 1891 -

185 1926 297 1984 debant
310 1945 320 1996 ;
344 1923 461 1986 senatui
487 1927 642 2002 supersese
667 1920 781 2000 aliquid
802 1923 840 1982 ad
868 1923 1026 1985 delendum
1053 1927 1174 2005 publica
1219 1906 1221 1979 l

185 2003 318 2065 avaritiae
331 2009 555 2070 monumentum
565 2001 729 2080 videbatur.
771 2002 885 2062 Consul
896 2003 1083 2084 triumphans
1094 2007 1125 2065 in
1134 2027 1175 2065 ur·

183 2085 251 2145 bem
264 2084 352 2146 redit.
394 2081 505 2143 Cloelio
516 2081 780 2142 duceVolscorum
790 2094 860 2142 ante
869 2102 987 2153 currum
999 2085 1173 2168 ductapre·

183 2161 313 2244 latisque
328 2163 439 2245 spoliis,
461 2163 568 2242 quibus
586 2161 771 2222 dearmatum
799 2164 962 2223 exercitum
982 2163 1109 2225 hostium
1128 2167 1174 2224 sub

179 2243 284 2328 jugum
300 2245 431 2305 miserat.
471 2241 628 2325 AEqu.iuit‚
650 2242 731 2321 quod
751 2240 933 2303 haud'facile
947 2251 1003 2314 est,
1028 2245 1173 2319 Quinctius

184 2327 288 2385 consul
304 2333 420 2406 togatus
434 2323 540 2382 armati
552 2321 676 2402 gloriam
690 2322 814 2403 collegae
828 2343 837 2380 e
857 2323 927 2402 quia
948 2326 1114 2386 concordiae
1127 2346 1172 2406 pa·

185 2405 289 2484 cisque
302 2405 495 2466 domesticam
505 2421 618 2470 curam,
628 2401 698 2480 jura
710 2401 821 2460 intimis
835 2403 1014 2483 summisque
1033 2405 1174 2466 moderan-

183 2485 235 2553 do,
246 2485 289 2544 ita
303 2483 408 2551 tenuit,
419 2490 453 2540 ut
474 2501 540 2540 eum
556 2492 586 2540 et
599 2481 705 2554 Patres
720 2501 857 2551 severum
871 2485 1036 2555 consulem,
1050 2501 1082 2547 et
1100 2485 1174 2566 plebs
1219 2504 1221 2519 ¹

184 2567 256 2624 satis
271 2584 383 2622 comem
399 2561 589 2620 crediderint.
632 2561 672 2620 Et
692 2561 836 2626 adversus
847 2561 983 2625 tribunos
1006 2566 1172 2625 auctoritate

183 2645 279 2724 plura,
304 2663 343 2722 qu
354 2644 395 2700 lm
410 2640 581 2708 certamine,
596 2641 693 2700 tenuit
707 2661 717 2710 ς
736 2641 869 2720 quinque
882 2646 1067 2714 consulatus,
1082 2647 1173 2706 eodem

183 2731 286 2782 tenore
300 2721 387 2800 gesti,
400 2720 522 2800 vitaque
535 2718 641 2788 omnia,
656 2721 852 2781 consulariter
865 2723 942 2794 acta,
955 2725 1117 2786 verendum
1130 2745 1173 2806 pe·
1219 2752 1221 2785 ι

183 2822 214 2863 m
235 2803 329 2882 ipsum
346 2799 448 2880 magis,
472 2801 561 2878 quim
576 2799 726 2867 honorem,
752 2799 902 2868 faciebant
912 2824 924 2879 ,¹
944 2825 980 2866 eo
1000 2804 1173 2866 tribunomm
1219 2788 1221 2815 ¹

120 2876 123 2882 ’
182 2881 354 2945 militarium
371 2881 453 2939 nulla
465 2877 576 2942 mentio
591 2877 635 2936 his
650 2879 821 2940 consulibus
835 2881 901 2942 faie
936 2937 940 2944 .

224 2963 278 3022 Xl.
299 2961 447 3021 Consules
462 2965 565 3019 creant
588 2959 634 3018 M.
649 2955 770 3020 Fabium
793 2961 984 3033 Vibulanum,
1009 2965 1174 3026 Postumum

183 3042 337 3106 AEbutium
363 3039 562 3100 Corniciuem.
606 3040 712 3100 Fabius
737 3052 768 3100 et
783 3041 927 3113 AEbutrus
952 3046 1103 3115 consules,
1125 3065 1176 3124 quo

182 3124 287 3206 majori
300 3121 401 3201 gloriae
418 3139 526 3190 rerum,
546 3119 626 3180 domi
640 3119 771 3198 fonsque
784 3131 943 3193 gestarum,
962 3127 1131 3197 'succedere
1151 3145 1177 3185 se

184 3207 355 3272 cernebant,
379 3201 516 3280 (maxime
528 3209 627 3260 autem
640 3197 857 3274 mernorabilem
872 3223 981 3276 anuum
996 3206 1079 3284 apud
1093 3204 1178 3266 liniti-

182 3283 364 3344 massarius
383 3285 541 3362 hostesque
562 3286 637 3348 esse,
656 3280 735 3364 quod
752 3281 932 3344 Ardeatibus
945 3280 1024 3351 iure
1040 3282 1181 3367 praecipiti

182 3367 267 3424 tantt
281 3363 358 3421 toret
368 3367 441 3420 curi
455 3360 643 3439 subventum)
667 3379 705 3442 eo,
715 3359 889 3440 impensius,
902 3371 935 3422 ut
948 3364 1088 3426 delerent
1124 3386 1180 3426 cor·

183 3464 233 3506 sus
248 3461 285 3502 ex
299 3441 405 3502 animis
418 3438 735 3518 hominum—infamiam
755 3443 873 3520 judicii,
887 3389 1181 3509 senatusconsultum

181 3523 319 3584 lecerunt
333 3543 342 3592 3
363 3529 405 3590 ut,
419 3521 567 3600 quoniam.
579 3519 687 3580 civitas
700 3522 877 3602 Ardeatium
890 3523 1036 3585 intestino
1050 3527 1181 3587 tumultu

171 3605 302 3662 *redacta
316 3601 354 3662 ad
369 3599 479 3680 paucos
493 3599 707 3670 esset‘coloni
728 3602 909 3682 eb'preesidii
932 3611 1020 3664 caus'„⁴
1039 3607 1182 3668 adversus

180 3681 306 3742 Volscos
334 3681 543 3740 scriberentur.
585 3679 650 3740 Hoc
673 3680 769 3760 palam
790 3681 916 3743 relatum
944 3682 976 3743 in
996 3687 1130 3756 tabulas,
1154 3691 1183 3744 ut

178 3763 295 3851 plebem
308 3761 499 3838 tribunosque
512 3755 632 3818 falleret
638 3760 745 3838 judieii
757 3760 947 3825 rescindendi
959 3764 1125 3825 consitium
1140 3768 1184 3824 iu·

178 3846 263 3896 utum.
305 3840 528 3900 Consenserunt
542 3847 652 3909 autern,
666 3849 709 3908 ut,
721 3840 813 3898 multo
827 3843 937 3923 tnajore
950 3850 1035 3925 parte
1050 3846 1184 3906 Rutulo·

179 3931 247 3975 rum
258 3917 440 3990 colonorum,
463 3918 554 3998 quam
567 3918 777 3993 Romanorum,
802 3921 925 4005 scripti,
938 3942 994 3986 nec
1006 3943 1082 4007 eger
1105 3927 1186 3986 ullu·
