2634 4392
152 281 193 343 ra
219 255 222 259 ’
565 273 738 388 .‘t*'.1.1t11

154 439 254 532 castra
265 438 390 520 pandos
402 442 470 536 egit
476 462 486 512 ;
505 444 661 536 moxhipsa
677 451 785 516 castra,
798 442 965 585 lep-onibus
986 443 1156 510 circumda·

152 524 203 589 trs,
216 541 308 600 quum
321 522 449 582 Volscos
462 523 534 585 unde
548 532 640 586 enan
653 545 746 608 pavor
759 545 847 618 expu·

851 532 936 596 ussat,
950 533 1039 606 capta
1052 526 1156 610 direp-

152 606 253 678 taque.
303 602 428 669 Postero
442 603 491 663 die
511 603 549 664 ad
572 605 714 666 Suessam
732 607 908 675 Pometiam,
929 607 989 698 qud
1010 605 1155 690 confuge·

152 688 221 740 rant
240 681 349 752 hostes,
369 681 535 764 legionibus
554 685 664 755 ductis,
683 685 764 748 intra
804 705 896 747 aucos
918 683 988 747 ,dies
1010 686 1155 767 oppidum

151 760 283 840 capitur:
317 771 438 844 captum
458 765 569 845 praedoe
596 765 719 837 datum
750 708 822 828 inde
853 767 975 848 paulun
1001 773 1154 828 recreatus

151 859 242 921 egens
264 843 360 904 miles.
400 844 515 906 Consul
536 866 604 906 cum
625 846 756 908 maxima
768 845 863 930 gloria
876 867 933 908 sua
945 846 1089 908 victorem
1102 867 1155 908 ex·
1221 871 1222 874 ¹

151 921 277 982 ercitum
292 925 417 984 Romam
430 925 569 997 reducit3
588 927 785 989 decedentem
799 929 926 990 Romam
938 927 1156 990 Ecetranorum

149 1001 331 1075 Volscorum·
348 1004 449 1086 legati,
468 1008 558 1068 rebus
571 1009 635 1070 suis
647 1007 788 1070 timentes
848 1013 876 1068 st
897 1007 1061 1070 Pometiam
1081 1028 1152 1090 cap·

148 1084 356 1222 1pltarnadeunt.
397 1086 456 1146 His
469 1089 782 1150 eur-senatusconsulto
816 1095 865 1150 ata
874 1087 1152 1172 ponagerademp'-

183 1182 207 1222 s.
583 1218 587 1222 .
687 1187 689 1190 ·
907 1209 939 1232 .-

189 1244 303 1304 xxvi.
322 1244 492 1307 Confestim
506 1253 539 1307 et
552 1246 654 1308 Sabini
667 1247 818 1310 Romarm
829 1248 1020 1310 territavcre:
1040 1249 1151 1309 tuml-

147 1328 198 1382 tus
213 1324 293 1384 enirn
306 1322 365 1385 fuit
379 1326 489 1395 veritis,
503 1329 593 1406 quarn
607 1327 731 1388 bellum.
772 1329 872 1390 Nocte
891 1327 924 1388 iu
938 1331 1011 1389 urbe
1025 1327 1151 1390 nuncia·
1223 1359 1224 1382 1

147 1408 212 1462 turn
233 1410 289 1474 est,
322 1406 485 1466 exercitum
506 1407 650 1466 Subitam
680 1407 916 1488 proednbuudum
937 1408 976 1470 sd
1001 1409 1152 1470 Anienem
1223 1439 1224 1458 t

148 1501 266 1543 amnem
288 1485 478 1564 pervenisse;
507 1486 548 1548 ibi
569 1488 681 1568 passim
704 1486 794 1570 diripi
807 1497 898 1568 atque
911 1488 1034 1549 incendi
1053 1488 1152 1550 villas.
1223 1521 1224 1532 r

147 1561 265 1624 Missus
279 1566 428 1647 externplo
442 1568 479 1625 eb
493 1587 562 1627 cum
582 1568 718 1628 omnibus
733 1569 826 1652 copiis
840 1567 975 1648 equiturn
990 1571 1029 1628 A.
1043 1569 1151 1630 Postu·
1223 1601 1224 1618 κ

146 1643 235 1713 mins,
249 1644 301 1724 qui
321 1644 450 1706 dictator
462 1646 542 1707 bello
563 1646 674 1708 Latino
686 1648 803 1720 fuerat;
823 1655 945 1709 secutus
959 1649 1066 1710 consul
1081 1649 1152 1710 Ser-

147 1723 237 1784 vilius
246 1745 312 1784 cum
328 1726 448 1787 delecta
461 1726 597 1808 peditum
611 1748 711 1790 manu.
730 1729 895 1808 Plerosque
908 1730 1046 1822 palantes
1058 1745 1152 1808 eques
1223 1757 1224 1762 ¹

148 1805 364 1875 circumvenit3
385 1827 441 1868 nec
462 1807 636 1871 advenienti
656 1809 794 1890 peditum
813 1809 923 1890 agmins
937 1809 1051 1870 restitit
1064 1810 1151 1870 Sabi·

146 1903 188 1944 na
208 1885 294 1965 legio.
344 1886 440 1956 Fessi,
460 1894 525 1946 turn
545 1888 663 1958 itinere,
692 1897 757 1949 tun
777 1888 970 1969 populatione
991 1893 1153 1958 nocturna,

146 1984 253 2045 magna
266 1985 335 2045 pars
348 1966 379 2025 in
391 1966 471 2026 villis
483 1968 592 2048 repleti
605 1968 670 2028 cibo
691 1967 828 2047 vinoque,
841 1967 892 2042 vix
911 1967 989 2050 fugae
1025 1969 1088 2026 uod
1104 1987 1151 2029 sa·

145 2045 186 2103 tis
210 2053 291 2104 esset
321 2046 429 2105 virium
449 2046 588 2108 habuere.
628 2049 727 2108 Nocte
748 2053 809 2108 unt
830 2048 934 2109 audito
955 2067 993 2140 pe
1022 2053 1151 2128 actoque

147 2125 229 2184 bello
241 2125 360 2195 Sabino,
374 2135 494 2208 postero
507 2127 567 2199 die,
585 2127 618 2188 in
632 2141 744 2212 magna
748 2131 812 2211 jam
826 2149 879 2210 spe
894 2127 1028 2210 und1que
1050 2177 1052 2186 .
1075 2135 1151 2190 artas

148 2205 240 2285 pecie,
254 2206 345 2285 legati
367 2208 503 2267 Aurunci
524 2215 662 2270 senatum
676 2210 799 2279 adeunt,
810 2210 842 2268 ui
856 2209 1021 2270 decedatur
1065 2209 1147 2268 olsco
1224 2239 1225 2270 r

149 2306 228 2365 agro,
242 2287 354 2345 bellum
374 2287 554 2348 indicentes.
592 2289 671 2349 Cum
686 2288 791 2370 legatis
817 2289 905 2348 simul
920 2287 1071 2350 exercitus
1086 2290 1148 2348 Au·
1224 2317 1225 2352 1

147 2386 305 2425 runcornrn
328 2367 416 2426 doruo
434 2368 586 2459 profectus
606 2375 692 2440 erat;
726 2371 813 2448 cujus
832 2369 921 2438 sarua,
942 2367 1021 2428 hand
1043 2367 1146 2448 procul
1224 2397 1225 2406 κ

143 2448 206 2523 jam
221 2449 258 2506 ab
278 2446 381 2506 Aricia
395 2446 461 2516 visu,
474 2455 559 2508 tanto
571 2450 704 2508 tumultu
718 2447 850 2507 concivit
873 2449 1030 2516 Romanos,
1045 2455 1081 2507 ut
1093 2467 1147 2510 nec
1224 2483 1225 2490 .

147 2527 262 2585 consuli
278 2527 382 2587 ‹inline
405 2529 519 2598 Patres,
532 2548 588 2588 nec
616 2537 756 2610 pacatum
770 2549 946 2610 responsum
967 2548 1050 2588 srrna
1070 2526 1147 2588 inie-

145 2610 278 2666 rentibus
293 2629 374 2668 arina
386 2607 444 2690 ipsi
459 2609 611 2689 capientes
624 2609 697 2670 dare
710 2617 842 2690 possent.
883 2607 1017 2670 Ariciam
1038 2607 1147 2668 infesto

148 2688 264 2767 agurius
278 2687 359 2745 itur:
380 2708 435 2748 nec
447 2690 551 2769 procul
572 2689 644 2749 inde
666 2709 735 2750 cum
756 2689 909 2750 Auruncis
924 2689 1009 2770 suna
1029 2688 1148 2758 collata,

147 2768 312 2848 proelioque
326 2789 385 2828 uuo
396 2769 577 2829 debellatum
588 2776 644 2829 est.
966 2807 968 2812 ·
1224 2845 1225 2850 ἵ

187 2849 317 2908 XXVll.
339 2849 425 2908 Fusis
440 2848 711 2918 summissione
724 2855 770 2910 tot
783 2849 863 2910 intra
876 2869 988 2930 paucos
1002 2847 1069 2910 dies
1085 2848 1146 2910 bel·
1224 2857 1225 2882 ³

146 2927 185 2987 lis
199 2930 353 2989 Romanus
366 2930 511 3009 promissa
532 2929 665 2989 consulis
685 2930 836 3010 fidemque
851 2933 976 2990 senatus
992 2935 1145 3010 exspecta·

145 3011 216 3068 batt
237 3030 329 3088 quum
356 3008 477 3086 Appius,
499 3017 530 3068 et
543 3009 633 3070 insita
649 3010 785 3090 superbi?
803 3009 913 3081 animo,
933 3026 964 3071 et
978 3018 1013 3070 ut
1025 3009 1146 3090 collegae

147 3110 254 3150 vanarn
266 3089 378 3149 faceret
392 3089 494 3158 tidem,
506 3093 596 3169 qufm
608 3091 769 3173 asperrime
780 3098 906 3170 poterat,
915 3093 967 3171 jus
978 3087 1146 3150 decreditis

147 3171 282 3250 pecuniis
298 3170 398 3229 dicere
413 3191 422 3240 ;
442 3170 587 3253 deinceps
598 3180 637 3240 et,
648 3172 700 3250 qui
714 3171 783 3232 ante
797 3169 866 3229 nexi
877 3168 1006 3238 fuerunt,
1016 3169 1145 3228 credito·

146 3251 229 3309 ribus
246 3250 447 3317 tradebantur,
462 3257 494 3310 et
507 3255 703 3314 nectebantur
716 3249 777 3310 alii.
828 3249 916 3323 Quod
929 3248 979 3309 ubi
993 3247 1042 3308 cui
1056 3247 1144 3310 militi

146 3330 304 3398 inciderat,
319 3331 462 3422 collegam
477 3332 665 3412 appellabnta
685 3349 849 3392 concursus
863 3329 901 3392 ad
921 3327 1081 3390 Servilium
1095 3328 1146 3390 lie·

147 3415 207 3481 bat,
221 3409 303 3469 illius
316 3431 462 3490 promissa
485 3413 647 3492 jactabant,
661 3411 707 3472 illi
722 3413 938 3493 exprobrabant
952 3429 1006 3470 sua
1019 3409 1146 3490 quisque

145 3492 220 3552 belli
232 3491 338 3551 merita
357 3490 573 3572 cicatricesque
592 3499 754 3584 acceptam
773 3490 973 3574 postulabant,
985 3500 1022 3550 ut
1034 3497 1088 3552 aut
1101 3509 1145 3550 rc·

147 3573 240 3632 terret
253 3573 290 3633 sd
305 3580 452 3641 senatum,
476 3583 527 3633 aut
540 3579 574 3631 ut
587 3571 698 3632 anxilio
719 3579 801 3634 esset
821 3571 925 3632 consul
939 3570 1055 3636 civibus
1076 3570 1147 3640 suis,

148 3656 309 3736 imperator
322 3650 475 3713 militibus.
515 3653 845 3732 Morebsntconsulem
863 3652 949 3723 haec;
982 3649 1035 3714 sed
1054 3649 1147 3732 tergi·

147 3734 261 3794 versari
274 3753 325 3792 res
337 3735 461 3825 cogebat
472 3753 480 3800 3
501 3732 577 3791 adeo
587 3731 620 3790 in
633 3731 759 3794 alteram
770 3752 891 3793 causam
900 3751 961 3794 non
970 3729 1084 3811 collega
1099 3749 1146 3791 so·

148 3813 212 3874 lbrn
226 3834 363 3892 praeceps
376 3810 637 3882 subsederam
649 3809 744 3874 &ctio
756 3812 898 3876 nobilium
907 3833 919 3886 ,ς
949 3811 1001 3884 its,
1012 3807 1145 3876 neutum
