2634 4392
160 352 218 410 ma
578 343 619 405 s.
633 341 748 432 suun¹

89 527 91 530 ⁴
159 526 288 587 quaeque
301 503 397 566 forma
408 508 499 573 esset,
511 502 639 564 munais
653 504 780 565 militum
794 502 959 583 imperauit,
979 510 1015 565 ut
1029 502 1166 566 sarcinas

90 591 92 598 ’
158 586 295 647 inunum
310 584 419 665 conjici
427 587 564 665 jubeant,
583 584 710 644 militem
724 606 791 643 cum
807 585 896 644 armis
909 585 1051 663 valloque
1066 587 1166 647 redire

157 666 191 727 in
204 665 325 726 ordines
345 685 436 736 suos;
454 665 544 733 facta,
558 684 627 743 quae
642 664 812 745 imperavit.
853 666 942 733 Tum,
962 686 1023 743 quo
1045 666 1166 725 lucrant

158 746 263 807 ordine
286 747 317 807 in
338 746 396 813 via,
419 744 585 805 exercitum
607 753 724 804 omnem
745 746 833 825 longo
857 743 975 825 agmine
995 746 1165 805 circumdat

156 825 288 887 hostium
308 825 423 893 castus,
434 887 437 891 A
447 834 487 894 et,
508 824 558 883 ubi
570 824 597 884 si
618 844 689 883 num
705 825 808 884 datum
824 824 871 894 sit,
886 828 1044 884 clamorem
1061 836 1164 884 ornnes

157 907 265 968 tollere
274 908 381 987 jabet3
401 906 531 964 clamore
545 846 671 975 sublato,
684 914 755 965 ante
770 919 966 984 sovquemque
979 904 1091 964 ducere
1106 904 1166 965 fos·

158 1004 233 1055 sam,
247 999 279 1045 et
285 990 389 1067 jacere
398 986 520 1044 vallum.
559 984 651 1045 Edico
664 982 796 1065 imperio,
811 984 927 1064 signum
943 992 1079 1045 secutum
1095 994 1164 1055 est3

155 1068 242 1158 jussa
251 1068 339 1125 miles
352 1064 534 1143 exsequitur,
547 1064 660 1124 clamor
673 1066 773 1124 hostes
788 1063 994 1125 circumsonat.
1037 1066 1165 1143 Superat

90 1187 91 1192 κ
159 1146 231 1206 sude
245 1152 344 1205 castra
357 1145 494 1214 hostium,
515 1153 546 1204 et
557 1144 590 1203 in
603 1152 702 1205 castra
723 1144 852 1203 consulis
866 1144 967 1203 venit:
988 1144 1060 1203 alibi
1073 1164 1163 1225 pauo·

158 1246 234 1296 rem,
245 1226 318 1292 ¹ulibi
326 1224 466 1306 gaudium
476 1223 583 1305 ingens
596 1224 677 1284 facit.
718 1224 854 1292 Romani,
867 1236 885 1259 “
897 1225 1015 1283 civilem
1027 1244 1092 1285 esse
1103 1226 1163 1284 cla·

159 1324 282 1374 morem,
303 1317 393 1383 atque
406 1305 548 1365 auxilium
570 1304 708 1373 adesse‚”
729 1303 809 1363 inter
822 1324 854 1363 se
875 1304 1071 1385 gratulantes,
1084 1304 1164 1364 ultro

160 1406 199 1447 ex
213 1385 390 1456 stationibus
403 1404 438 1443 ac
452 1384 561 1464 vigiliis
574 1384 714 1443 territant
732 1383 856 1443 hostem.
897 1386 1011 1443 Consul
1025 1384 1163 1444 differen-

161 1467 234 1525 dum
246 1471 344 1546 negat.
383 1476 401 1500 “
414 1464 471 1522 lllo
485 1463 614 1525 clamore
627 1484 687 1524 non
706 1464 867 1539 adventum
884 1465 972 1523 modd
991 1462 1163 1545 significari,

160 1545 216 1607 sed
231 1565 291 1604 rem
312 1546 350 1603 ab
363 1543 425 1602 suis
438 1552 590 1625 coeptam:
610 1544 778 1623 mirumque
793 1564 867 1612 esse,
892 1545 924 1604 ni
939 1546 1004 1624 jam
1019 1544 1162 1605 exteriore

158 1630 246 1707 parte
265 1631 363 1684 castra
375 1622 502 1683 hostium
517 1630 735 1706 oppugnentur.
777 1625 884 1702 Itaque
906 1644 988 1685 arma
1010 1644 1079 1685 suos
1093 1644 1160 1704 cap·

162 1724 223 1774 ere,
236 1712 268 1764 et
281 1725 314 1765 se
328 1704 490 1782 subsequi”
508 1706 616 1842 lum
642 1704 743 1763 Nocte
755 1692 863 1779 initum
877 1705 1015 1785 proelium
1030 1713 1077 1765 est
1090 1706 1108 1763 al
1120 1705 1162 1763 le·

160 1785 317 1867 giouibusr
338 1783 478 1844 dictatori
491 1805 508 1842 c
521 1804 622 1845 amore
636 1784 827 1865 significant,
841 1782 878 1843 ab
892 1804 927 1845 ea
941 1802 1060 1863 quoque
1080 1792 1161 1865 parte

160 1885 225 1925 rem
245 1865 277 1924 in
291 1863 463 1942 discrimine
477 1884 553 1923 esse.
592 1866 658 1924 Jam
681 1884 713 1923 se
734 1864 771 1923 ad
786 1864 967 1955 prohibenda
982 1862 1159 1941 circumdari

145 1963 252 2025 opera
265 1942 356 2023 AEqui
371 1941 522 2021 parabant,
541 1963 643 2021 quum,
656 1946 693 2003 ab
706 1944 846 2003 interiore
861 1944 943 2003 hoste
956 1943 1063 2023 proelio
1079 1964 1160 2023 coep·

161 2031 204 2095 to,
216 2044 254 2084 ne
266 2022 430 2103 permedia
443 2036 497 2081 sua
511 2031 609 2081 castra
622 2023 709 2082 lieret
722 2024 848 2104 eruptio,
872 2025 889 2083 a
909 2020 1111 2082 munientibus
1125 2022 1158 2081 ad

161 2111 330 2186 pugnantes
353 2102 515 2162 introrsum
534 2102 624 2171 versi,
646 2122 772 2162 vacuam
793 2111 911 2163 noctem
933 2102 1013 2183 operi
1034 2102 1159 2171 dedere;

160 2191 385 2270 pugnatumque
400 2202 467 2242 cum
482 2183 603 2242 consule
625 2183 663 2241 ad
684 2182 781 2243 lucem
796 2191 851 2243 est.
893 2185 977 2243 Luce
992 2182 1092 2263 prima
1100 2184 1160 2261 jam

164 2262 382 2325 circumvallati
396 2266 433 2323 ab
443 2263 589 2322 dictatore
603 2269 697 2331 erant,
711 2270 742 2322 et
755 2264 803 2321 vix
819 2262 962 2321 adversus
975 2282 1068 2322 unum
1081 2282 1159 2323 exer-

162 2344 254 2405 citum
277 2364 404 2436 pugnam
419 2343 627 2413 sustinebant3
647 2349 711 2401 tum
727 2341 934 2421 leuinctiano
948 2342 1090 2411 exercitu,
1112 2340 1158 2420 qui

163 2426 321 2485 confestim
335 2424 352 2482 d
364 2423 497 2503 perfecto
511 2443 599 2503 opere
610 2423 648 2481 ad
663 2442 745 2481 arma
760 2420 855 2489 rediit,
867 2422 1020 2483 invaditur
1031 2422 1135 2481 vallum
1148 2438 1156 2489 ;

162 2504 211 2564 liic
230 2506 449 2564 instabatnova
462 2523 581 2584 pugnax
601 2502 654 2562 illa
675 2502 746 2561 nihil
769 2500 925 2563 remiserat
944 2500 1034 2583 prior.
1075 2502 1157 2567 Tum,

163 2584 286 2663 ancipiti
301 2583 379 2641 malo
392 2590 526 2663 urgente,
551 2585 566 2641 a
589 2582 696 2663 proelio
710 2584 748 2643 ad
761 2600 866 2662 preces
876 2584 966 2653 versi,
987 2583 1056 2642 hinc
1071 2580 1157 2639 dir-ta·

162 2670 269 2731 torem,
282 2662 352 2722 hinc
365 2664 517 2721 consulem
529 2682 623 2731 orare,
643 2683 682 2722 ne
693 2663 725 2721 in
739 2661 893 2722 occidione
907 2662 1063 2725 victoriam
1096 2680 1157 2720 one·

162 2749 242 2811 rent,
255 2749 289 2801 ut
302 2742 431 2801 inermes
445 2763 478 2802 se
488 2742 559 2801 inde
572 2741 653 2801 abire
668 2741 809 2801 sinerent.
851 2743 899 2801 Ab
913 2744 1036 2801 consule
1049 2684 1157 2801 aridic-

163 2829 292 2883 tatorem
312 2821 356 2880 ire
364 2816 458 2901 jussis
472 2821 665 2912 ignominiam
677 2820 813 2879 infensus
826 2821 954 2881 addidit.
995 2820 1157 2883 Gracchum

99 2966 105 2978 ,
164 2902 306 2962 Cloelium
326 2902 432 2961 ducem
447 2902 543 2993 princi
565 2921 657 2979 esque
671 2900 745 2961 alios
756 2900 872 2960 vinctos
893 2903 931 2961 ad
955 2922 986 2961 se
998 2902 1105 2961 adduci
1114 2903 1160 2983 ju-

163 2984 225 3052 bet,
251 3002 289 3059 op
309 2980 364 3041 ido
373 2980 521 3042 Corbione
535 2922 642 3040 ‹lecedi
651 3001 661 3052 3
681 2992 698 3018 ‘⁶
710 2981 869 3063 Sanguinis
883 3002 915 3042 se
929 2986 1092 3063 AEquorum
1109 3000 1162 3039 uun

166 3081 270 3143 egere:
289 3003 382 3123 licere
402 3061 503 3121 abire:
527 3062 591 3131 sed,
615 3072 650 3121 ut
672 3062 853 3142 exprimatur
874 3063 994 3123 tandem
1011 3060 1164 3128 consessio,

166 3146 320 3203 subactam
334 3142 577 3221 dominatamque
590 3162 657 3202 esse
672 3149 798 3213 nentem,
814 3144 867 3201 sub
884 3144 989 3224 jugum
1004 3141 1163 3202 abituros?

166 3222 278 3296 Tribus
288 3222 381 3282 hastis
386 3224 493 3303 jugum
502 3222 547 3291 lit,
556 3222 626 3292 hum
637 3218 705 3280 lixis
714 3222 837 3290 duabus,
848 3241 997 3302 superque
1009 3242 1060 3282 eas
1068 3230 1164 3281 trans·

166 3310 253 3361 versa
268 3308 329 3361 unt
343 3301 473 3383 deligata
489 3322 499 3372 ς
519 3304 573 3360 sub
586 3301 641 3360 hoc
650 3302 723 3381 jugo
737 3300 867 3361 dictator
881 3304 998 3381 AEquos
1012 3301 1104 3361 misit.

207 3381 320 3440 XXIX.
341 3381 457 3459 Castris
476 3381 605 3441 hostium
625 3378 762 3460 receptis,
786 3382 884 3461 plenis
905 3382 1035 3441 omnium
1061 3400 1168 3449 rerum,

168 3460 278 3603 Snudos
298 3461 377 3520 enim
398 3460 547 3544 emiserat)
573 3461 704 3553 praedam
724 3481 840 3521 omnem
863 3481 915 3521 suo
938 3464 1058 3521 tautum
1082 3460 1170 3521 militi

190 3542 270 3603 edit:
290 3542 475 3601 consularem
490 3547 653 3601 exercitum
667 3541 825 3621 ipsumque
838 3538 990 3601 consulem
999 3540 1170 3623 increpans,

167 3621 355 3690 “Carenis'’
375 3621 484 3699 iuquit,
508 3634 525 3658 ‘⁴
533 3622 646 3703 praedae
679 3628 753 3691 arte,
773 3622 867 3690 milas,
889 3642 926 3683 ex
947 3642 982 3682 eo
1002 3622 1098 3692 hoste,
1123 3622 1171 3681 cui

168 3706 264 3784 prope⁴
281 3700 508 3783 praedaeiuisti3
528 3709 560 3761 et
578 3708 623 3770 tu,
680 3745 688 3760 .
708 3700 836 3769 Minuci,
860 3702 956 3763 donec
981 3704 1171 3761 consularem

169 3783 301 3842 animum
321 3779 446 3861 incipias
468 3780 585 3849 habere,
608 3782 726 3861 legatus
753 3780 798 3841 his
819 3780 984 3862 legionibus
1010 3782 1170 3861 praeeris.'’

170 3860 219 3919 lta
232 3879 265 3919 se
284 3860 440 3921 Minucius
453 3861 572 3921 abdicat
586 3862 752 3931 consulatu,
767 3862 931 3941 jussusque
951 3861 988 3922 ad
1004 3863 1171 3922 exercitum

168 3944 279 4005 manet.
318 3940 379 3999 Sed
399 3941 475 4011 oded
498 3949 563 4003 tom
583 3941 707 4024 imperio
733 3940 847 4004 meliori
871 3942 987 4005 animus
1013 3942 1172 4005 mansueta
