2634 4392
454 397 457 406 .
548 344 679 405 LIBER
691 344 747 404 lv.
1100 347 1158 406 aia

158 506 307 573 abstinuit,
322 504 417 564 donec
441 504 518 564 colle
539 504 739 566 revenirent:
760 499 868 567 abillis
881 513 1002 581 quoque
1017 502 1156 584 exerciti·

158 589 210 647 bus
237 591 357 665 captum
382 524 654 644 Anxnrdictitans
681 588 757 652 esse.
783 582 836 661 qui
850 589 966 659 ceteros
991 582 1118 642 Volscos
1139 583 1157 642 d

157 665 294 746 praesidio
309 667 373 744 ejus
394 663 653 744 luciavertissent.
693 663 753 737 Qui
767 663 987 741 ubivenerunt‚
1013 664 1157 743 oppidum
1218 708 1219 713 κ

156 752 255 806 vetere
275 744 395 804 fortuna
419 743 592 824 opulentum
616 751 680 802 tres
700 742 850 803 exercitus
871 740 1040 834 diripuere3
1061 763 1157 822 eaque

157 825 284 905 primum
306 823 474 903 benignitas
494 823 705 904 imperatorum
726 823 842 903 plebem
858 821 995 882 Patribus
1015 823 1158 882 concilia-

156 905 206 966 vit
248 903 396 964 Additum
422 903 532 964 deinde
553 903 684 962 omnium
698 903 826 962 maxime
848 901 1025 981 tempestivo
1044 902 1157 982 princi·

155 1005 228 1065 pum
253 987 285 1046 in
310 979 532 1044 multitudinem
556 1002 689 1051 munere,
716 990 751 1042 ut
777 989 847 1065 ante
862 982 1043 1041 mentionem
1064 983 1157 1043 ullam
1218 1020 1219 1025 κ

176 1066 250 1126 lehis
264 1065 486 1124 tribunorumve
510 1064 688 1124 decerneret
701 1067 832 1130 senatus,
854 1066 889 1119 ut
903 1060 1085 1140 stipendium
1102 1063 1159 1134 mir

156 1086 200 1206 les
214 1145 254 1206 de
265 1144 385 1226 'publico
398 1143 555 1224 acciperet,
582 1148 760 1222 quumante
772 1141 804 1202 id
817 1148 935 1222 tempus
949 1140 988 1199 de
1009 1160 1064 1200 suo
1075 1140 1159 1220 quis-

156 1242 216 1304 que
229 1225 352 1285 functus
366 1243 402 1285 eo
415 1243 537 1284 munere
551 1229 644 1284 esset.
908 1240 912 1244 “

194 1305 263 1364 LX.
283 1303 368 1364 Nihil
380 1309 536 1394 ¹acceptum
551 1323 696 1442 unquam·
713 1303 730 1362 d
742 1303 831 1383 plebe
844 1307 930 1363 tanto
943 1300 1052 1382 gaudio
1066 1300 1160 1377 tradi-

154 1388 216 1444 tur.
256 1381 590 1461 Cuncnrsnmntaquea
619 1383 829 1452 'curiamessa
855 1387 1068 1462 prensatasque
1089 1399 1159 1442 exe·

153 1461 273 1525 nntium
288 1457 401 1530 manus,
425 1467 456 1522 et
472 1462 575 1522 Patres
589 1463 658 1525 verre
673 1463 836 1552 appellatos
850 1483 858 1532 ς
880 1461 1019 1521 effectum
1032 1482 1099 1522 esse
1112 1461 1160 1520 m·

154 1542 301 1610 tentibus,
323 1548 360 1600 ut
371 1561 457 1600 nemo
471 1561 525 1622 pro
538 1547 600 1602 tar'n
614 1541 756 1603 munifica
770 1540 873 1620 patria,
887 1541 983 1600 donec
995 1541 1157 1623 quicquam

155 1621 264 1681 virium
279 1627 457 1700 superesset,
471 1620 587 1698 corpori
596 1626 651 1679 aut
662 1618 799 1699 sanguini
808 1640 861 1678 suo
871 1627 1017 1700 parceret.
1059 1622 1159 1696 Quum

153 1699 352 1760 commoditas
369 1700 498 1776 Juvaret
522 1719 585 1759 rem
598 1698 776 1759 familiarem
789 1701 896 1779 saltem
911 1699 1102 1778 acquiescere
1123 1722 1160 1761 co

154 1786 301 1859 tempore,
325 1775 386 1856 quo
408 1797 459 1837 cor
480 1797 515 1838 us
535 1778 690 1838 addictum
704 1785 795 1860 atque
807 1783 961 1859 pperatum
985 1779 1160 1860 reipublicae

156 1865 263 1929 essetr
283 1863 358 1927 turn,
386 1877 445 1936 quo
487 1858 566 1917 ultro
580 1857 635 1920 sibi
649 1856 781 1942 oblatum
794 1865 882 1929 esset,
909 1878 970 1918 non
995 1859 1013 1918 d
1033 1860 1159 1920 tribunis

156 1939 254 2030 plebis
267 1957 398 2018 unquam
422 1937 576 2018 ueritatem,
600 1952 659 2006 non·
681 1939 744 1999 sdis
757 1939 941 2006 sermonibus
955 1938 1159 2020 efflagitatum,

155 2018 189 2076 id
211 2017 357 2076 efficiebat
380 2017 537 2096 multiplex
558 2014 699 2098 gaudium
725 2018 1013 2098 cumulatioremque
1032 2020 1160 2100 gratiam

154 2096 212 2156 rei.
253 2095 380 2154 Tribuni
393 2096 498 2174 plebis,
511 2097 674 2156 communis
689 2098 824 2172 ordinum
845 2097 960 2158 letitiae
974 2100 1159 2160 concordire-

157 2194 219 2253 que
233 2173 288 2234 soli
313 2180 460 2254 expertes,
484 2195 603 2250 nauare,
626 2177 731 2237 “Tam
755 2177 786 2236 id
801 2180 906 2238 laetum
934 2177 1071 2238 Patribus
1090 2178 1159 2238 uni·

154 2251 254 2314 versis
267 2273 323 2314 nec
338 2273 510 2335 prosperum
523 2227 596 2325 lore,
610 2258 701 2336 quarn
724 2257 783 2338 ipsi
796 2256 954 2331 crederent
968 2263 984 2327 3'
999 2258 1160 2320 consilium

157 2333 259 2415 specie
279 2332 375 2414 prium
388 2333 494 2396 melius
508 2335 609 2406 luisse,
634 2338 725 2415 qnam
744 2357 800 2397 usu
815 2335 1028 2430 appariturum.
1068 2337 1159 2417 Unde

154 2413 317 2486 enimcum
331 2415 488 2494 pecuniam
502 2416 608 2478 confici
623 2435 720 2499 posse,
733 2417 792 2476 nisi
805 2421 916 2478 tribu-to
939 2417 1048 2497 populo
1060 2417 1159 2477 indic·

155 2495 212 2553 to?
234 2513 271 2552 ex
285 2493 381 2554 alieno
401 2493 492 2574 igitur
505 2495 571 2554 aliis
585 2495 730 2576 largitos3
750 2516 858 2575 neque,
881 2495 914 2556 id
934 2497 1052 2557 etiamsi
1066 2497 1159 2558 ceteri

155 2573 266 2642 ferant,
294 2593 430 2652 passuros
455 2593 515 2642 eos,
542 2573 650 2653 quibus
670 2577 735 2652 jorn
749 2576 873 2635 emerito
886 2575 1035 2658 stipendia
1049 2583 1160 2646 essent,

156 2653 282 2713 meliore
306 2652 475 2714 conditione
498 2654 573 2718 alios
588 2653 737 2733 militarej
756 2675 847 2733 quam
872 2654 930 2736 ipsi
955 2657 1136 2727 militassent
1148 2677 1159 2728 ς
1218 2676 1219 2729 j

156 2739 190 2794 et
204 2732 322 2792 eosdem
338 2734 370 2792 in
395 2751 449 2794 sua
463 2733 610 2814 stipendia
622 2736 773 2814 impensas
786 2733 905 2805 fecisse,
931 2743 962 2797 et
981 2738 1014 2798 in
1034 2737 1159 2798 aliorum

153 2813 290 2873 facere.”
332 2813 389 2872 His
410 2813 532 2874 vocibus
555 2822 713 2874 mouerunt
732 2818 847 2895 partem
861 2814 979 2895 plebi's;
998 2817 1159 2895 postremo,

154 2891 276 2952 indicto.
295 2891 359 2967 jam
378 2890 497 2957 tributo,
511 2892 670 2954 edixerunt
682 2894 773 2954 etiam
786 2895 908 2963 tribuni,
931 2896 1040 2957 auxilio
1058 2916 1090 2958 se
1111 2897 1159 2956 fu·

154 2977 251 3037 turos,
266 2967 290 3028 si
304 2969 371 3048 quis
385 2968 417 3044 iti
439 2969 567 3031 militare
591 2971 773 3052 stipendium
786 2974 928 3033 tributum
942 2988 1002 3035 non
1016 2977 1161 3037 contulis-

154 3056 213 3110 set.
259 3049 362 3110 Patres
386 3051 466 3112 bene
485 3056 614 3129 coeptem
639 3071 701 3122 rem
725 3064 953 3130 perseverantur
966 3055 1067 3114 tueri:
1088 3075 1160 3115 con-

155 3130 237 3190 ferre
252 3128 307 3207 ipsi
329 3128 414 3208 primi
429 3149 438 3188 z
459 3137 499 3201 et,
526 3131 596 3208 quia
609 3131 738 3190 nondum
754 3142 908 3212 argentum
922 3134 1072 3214 signatum
1085 3140 1159 3205 crat,

156 3227 201 3268 ms
216 3227 303 3286 grave
323 3209 466 3288 plaustris
481 3211 654 3290 qnidam-ad
678 3211 814 3271 ararium
831 3213 1038 3285 convellentes,
1062 3215 1160 3294 speciy

157 3307 244 3348 osam
257 3288 357 3370 'etiam
371 3289 559 3350 collationem
580 3291 739 3350 faciebant.
780 3292 879 3367 Quum
900 3299 1021 3354 senatus
1042 3301 1158 3354 surnrnt

156 3367 221 3446 title
250 3386 285 3428 ex
300 3387 390 3430 censu
407 3370 591 3440 contulisset,
614 3372 757 3450 primores
770 3372 873 3451 plebis,
894 3369 1036 3433 nobilium
1061 3374 1157 3443 amici,

159 3441 375 3528 ex‘composito
390 3448 524 3508 conferre
539 3450 708 3530 incipiunt3
729 3470 805 3528 quos
825 3472 917 3530 quum
942 3455 1002 3513 eti
1024 3448 1161 3515 Patribus*

160 3527 335 3597 collaudari,
359 3537 389 3588 et
404 3530 421 3588 i
436 3529 555 3588 militari
570 3537 660 3590 etate
673 3539 813 3608 tunquam
838 3535 929 3592 botros
943 3532 1025 3592 cives
1035 3533 1158 3624 conspi-

158 3606 187 3668 ci
202 3608 310 3686 vulgus
326 3608 473 3668 hominum
496 3608 581 3676 vidit,
606 3612 739 3689 repente,
753 3616 852 3690 spreto
866 3613 1023 3672 tribunicio
1036 3614 1155 3691 auxilio,

160 3693 313 3746 certarnen
341 3687 513 3748 conterendi
536 3695 582 3749 est
609 3696 729 3760 orturn;
748 3698 788 3759 et,
813 3691 877 3771 lego
891 3693 1006 3770 perlati
1020 3688 1066 3751 de'
1079 3694 1157 3752 indi·

160 3765 257 3824 cendo
279 3767 455 3846 Vejentibus
465 3769 556 3838 bello,
576 3770 740 3828 exercitum
755 3789 861 3849 magna
874 3791 911 3830 ex
922 3778 1006 3852 parte
1019 3774 1157 3834 volunta·

159 3842 239 3906 num
250 3845 320 3910 novi
344 3845 453 3911 tribuni
464 3849 594 3912 militum
607 3848 757 3912 consulari
769 3856 916 3933 potestate
930 3852 1022 3936 Vejos
1035 3853 1156 3919 duxere.
