2634 4392
542 283 731 382 nunnus.
1068 285 1128 354 aar
1212 266 1216 287 ·

132 445 276 515 modestia
296 451 353 516 est,
378 450 494 508 utnon
516 444 676 509 obsidionis
689 442 790 515 tersio,
815 459 876 506 nou
889 441 1018 523 denique
1032 442 1127 525 regni,
1216 466 1219 491 u

132 531 290 606 quicquam
305 527 393 607 ‘apud
417 547 467 587 eos
490 532 632 588 novatum
659 525 719 596 sit;
738 543 799 586 nou
822 529 931 604 negata
953 523 1065 584 numlia
1088 527 1126 584 ab

130 607 267 668 Etruscis
276 606 462 667 irritaverint
473 606 587 670 animos
601 627 611 677 ;
630 603 774 666 morietur
787 602 867 664 euim
880 602 1038 684 externplo,
1058 602 1126 682 qui·

132 707 247 766 cunque
268 687 324 766 erit
337 686 493 748 seditionis
513 691 640 757 aneton
660 704 717 747 nec
737 683 990 765 cuiquemdic'ere
1003 703 1039 744 ea
1052 683 1129 744 lice-
1219 720 1221 735 ,

130 767 179 837 bit,
203 787 271 847 quan
285 767 366 848 apud
379 787 431 828 vos
445 765 566 848 impune
581 764 732 826 dicuntur.
772 762 964 831 fustuarium
987 768 1127 833 meretur,
1222 814 1223 817 ,

130 848 180 925 qui
205 847 289 930 sigua
302 847 453 927 relinquit,
475 853 528 908 aut
571 841 690 906 raesidio
703 842 832 906 decedit.
871 844 1021 904 Auctores
1031 842 1128 989 ἔξω,

129 927 329 1007 relinquendi,
353 933 384 988 et
411 927 537 988 deseren
560 925 693 994 icastra,
717 943 777 984 non
791 922 910 983 uniant
923 924 1010 983 alteri
1061 921 1129 993 'itt
1224 930 1225 941 ¹

130 1007 181 1066 sed
210 1007 358 1068 universis
386 1004 574 1074 exercitibus,
601 1004 700 1085 palam
719 1003 752 1063 in
773 1002 916 1064 concione
943 1002 1130 1072 audiuntur;
1209 1014 1211 1019 ’

129 1079 206 1146 erleb
219 1083 363 1167 quicquid
376 1087 512 1146 tribunus
526 1084 605 1178 plebi
619 1083 760 1164 loquitur,
774 1081 832 1143 etsi
844 1081 1007 1164 prodendae
1020 1081 1128 1162 patries
1170 1129 1174 1134 .

128 1165 390 1246 dissolvendaeque
411 1165 585 1246 reipublicae
598 1169 653 1234 est,
680 1163 823 1224 assuestis
842 1161 921 1242 isqui
940 1161 1067 1231 audire3
1088 1166 1129 1231 et,

129 1247 291 1320 dulcedine
305 1247 462 1327 potestatis
475 1248 540 1327 ejus
555 1245 644 1326 capti.
663 1263 732 1324 quoe
742 1242 816 1303 libet
829 1245 884 1302 sub
898 1263 934 1302 ea
947 1242 1063 1308 scelera
1082 1240 1128 1301 la·

127 1332 194 1386 tere
207 1327 316 1386 sinitis.¹
354 1327 516 1405 Reliquum
543 1333 598 1396 est,
621 1330 666 1394 ut,
693 1343 762 1404 quae
783 1321 1055 1390 hicvociferentur,
1079 1338 1129 1380 eu·

128 1405 246 1464 demin
268 1406 373 1466 castris
395 1413 428 1465 et
440 1405 521 1485 apud
534 1406 644 1465 milites
658 1407 758 1484 agant,
785 1409 816 1462 et
836 1399 985 1462 exercitus
998 1419 1138 1460 corrum·=

148 1491 213 1553 ent,
228 1484 413 1564 ducibusque
426 1503 531 1565 perere
544 1503 603 1542 non
613 1483 765 1563 potiantur
779 1503 787 1540 ε
808 1481 995 1561 ᾳυοηίαῐιιεα
1009 1480 1131 1541 demum

125 1506 234 1626 domae
246 1564 367 1626 libertus
381 1569 436 1634 est,
450 1583 508 1624 non
524 1565 671 1631 senatum,
681 1579 742 1620 non
752 1561 950 1642 magistratus,
963 1579 1023 1620 non
1036 1560 1130 1642 leges,
1149 1592 1152 1613 1

125 1663 188 1704 non
204 1663 300 1704 mores
311 1647 465 1725 majorum,
484 1661 545 1702 non
559 1639 697 1702 instituta
709 1645 837 1720 patrum,
860 1660 919 1700 non
939 1640 1128 1720 disciplinam

126 1724 229 1784 vereri
243 1723 391 1786 milituae.'’
446 1756 448 1764 v

169 1803 244 1862 Vll.
266 1803 325 1886 qu
339 1801 515 1883 jametium
535 1803 568 1862 in
581 1801 772 1863 concionibus
787 1806 851 1862 eret
865 1801 982 1883 Appius
1003 1800 1130 1863 tribunis
1234 1861 1237 1886 Σ

126 1881 253 1964 plebis;
274 1902 367 1962 quum
382 1884 488 1952 subito,
510 1883 590 1942 uude
610 1881 733 1944 minime
756 1882 825 1961 quis
846 1884 992 1952 crederet,
1006 1889 1132 1962 accepta
1235 1897 1237 1902 ·

127 1962 289 2023 calamitas
314 1963 393 2042 apud
408 1963 499 2043 Vej0s
513 1962 753 2043 „etsuperiorem
768 1960 897 2042 Appium
920 1963 952 2021 in
973 1981 1073 2031 cause,
1100 1967 1134 2022 et
1235 1987 1237 2026 τ

126 2042 322 2102 concordium
349 2043 486 2102 ordinum
509 2045 650 2122 majorem
678 2043 874 2121 ardoremque
887 2043 926 2102 ad
952 2041 1132 2102 obsidendos
1235 2051 1237 2060 '

125 2120 319 2202 pertinacius
333 2123 424 2202 Vejos
435 2119 518 2182 fecit.
558 2123 639 2182 Nam
660 2141 752 2201 quum
765 2141 856 2202 agger
869 2130 1019 2201 promotus
1032 2124 1069 2182 ab
1083 2141 1134 2178 ur·

124 2203 210 2268 beru,
232 2201 389 2281 vineaeque
402 2203 521 2262 tantum
534 2221 594 2262 non
611 2203 674 2281 jaun
695 2203 839 2282 injunctae
854 2200 1001 2260 moenibus
1022 2204 1133 2270 essent,

122 2282 203 2341 dum
219 2299 308 2358 opere
327 2281 458 2343 interdiu
484 2281 559 2341 liunt
572 2280 727 2351 intentius,
751 2281 842 2359 qusim
855 2289 943 2340 nocte
958 2279 1134 2348 custodiun·
1187 2335 1195 2355 x
1235 2323 1237 2360 :

124 2368 159 2420 tn
165 2383 190 2428 r,
204 2359 356 2440 patefacti
370 2361 492 2444 repente
505 2367 601 2441 porti,
614 2361 721 2441 iugens
735 2360 905 2430 multitudo,
923 2357 1038 2419 fecibus
1051 2377 1134 2418 max-

122 2441 188 2502 'iure‘⁴
206 2447 327 2510 arcuata,
352 2441 438 2522 ignes
462 2440 614 2522 conjecit:
636 2440 780 2533 horaeque
800 2445 950 2501 momento
972 2439 1061 2499 simul
1083 2459 1136 2520 ug·
1235 2455 1237 2492 ῑ

125 2541 235 2602 gerens
249 2539 284 2580 ac
299 2519 410 2589 vineas,
435 2527 496 2582 tam
520 2521 601 2602 longi
614 2525 757 2611 temperis
770 2540 852 2600 opus,
875 2519 1047 2580 incendium
1060 2520 1137 2579 hau·

124 2602 196 2660 sit:
218 2600 366 2678 multique
386 2600 427 2660 ibi
439 2601 580 2663 mortales
600 2618 802 2678 nequicquam
815 2605 899 2679 opem
914 2599 1054 2670 ferentes,
1075 2599 1135 2658 fer-

124 2701 162 2740 ro
178 2680 302 2760 ignique
316 2679 464 2760 absumpti
482 2686 567 2740 sunt.
608 2679 696 2754 Quod
719 2677 918 2740 ubiliomam
940 2686 988 2739 est
1011 2679 1137 2740 nuncia·
1235 2671 1237 2708 ²

124 2767 208 2828 tum,
225 2760 396 2820 moestitium
408 2761 553 2830 omnibus,
580 2759 699 2820 senatui
713 2779 815 2819 curum
839 2764 1010 2839 metumque
1023 2759 1137 2840 injecit,

127 2859 170 2900 ne
185 2853 250 2900 tum
264 2857 333 2898 vero
347 2840 487 2900 sustineri
498 2860 554 2899 nec
567 2840 600 2898 in
614 2842 686 2898 urbe
701 2839 817 2908 seditio,
830 2858 887 2900 nec
902 2839 934 2897 in
948 2839 1053 2899 castris
1069 2859 1137 2919 pos·

127 2929 192 2987 set,
219 2923 250 2976 et
274 2915 383 2976 tribuni
404 2919 500 2996 plebis
519 2918 654 2978 velutbb
668 2928 700 2977 'se
713 2918 803 2979 victae
817 2919 990 2998 reipublicae
1011 2918 1139 2980 insulta-

123 3003 204 3060 rent
218 3015 227 3055 t
250 3015 341 3076 quum
353 2998 483 3076 repente,
498 2997 605 3090 quibus
621 3015 730 3058 census
743 3006 882 3078 equester
896 3003 968 3068 erat,
982 2999 1051 3075 equi
1063 3001 1140 3078 pub·

125 3079 186 3140 lici
197 3095 259 3137 uon
273 3082 360 3136 erent
372 3075 524 3216 assqgnatn
550 3075 674 3136 consilio
684 3075 766 3155 prius
784 3077 865 3138 inter
878 3097 945 3156 sese
958 3076 1066 3149 babitu,
1091 3098 1139 3138 se·

125 3164 241 3220 natum
265 3157 401 3226 adeunt;
434 3163 563 3236 actique
577 3157 699 3216 dicendi
751 3163 872 3229 testate,
885 3156 1000 3237 “equis
1022 3177 1055 3218 se
1077 3155 1139 3218 suis

130 3235 292 3316 stipendia
303 3236 458 3296 facturos”
472 3236 657 3318 promittunt.
687 3233 690 3237 ’
728 3236 814 3297 nibus
836 3257 927 3318 quum
948 3237 1140 3318 amplissimis

126 3313 238 3378 verbis
252 3315 356 3396 gratiss
377 3317 413 3375 ab
428 3323 532 3376 senatu
546 3326 621 3377 actes
639 3323 749 3386 essent,
775 3317 914 3398 famaque
927 3337 963 3377 ea
976 3317 1073 3377 forum
1094 3325 1141 3380 at·

130 3417 199 3478 que
214 3399 317 3454 urbem
331 3396 521 3476 pervasisset,
552 3395 649 3456 subiti>
663 3397 702 3456 ad
724 3397 836 3456 curium
850 3416 1014 3458 concursus
1028 3397 1064 3458 fit
1077 3398 1141 3478 ple·

127 3478 194 3538 bis.
235 3475 414 3538 “Pedestris
437 3475 550 3536 ordinis
574 3478 641 3544 se,”
663 3477 759 3544 siunt,
785 3487 894 3535 “nunc
909 3496 985 3552 esse,
1007 3495 1144 3558 operaru-

132 3575 200 3636 que
215 3554 384 3634 reipublicae
400 3561 484 3616 extra
498 3555 631 3616 ordinem
647 3555 797 3636 polliceri,
815 3575 867 3616 seu
882 3557 982 3638 Vejos,
1006 3575 1060 3616 seu
1080 3575 1142 3635 que

132 3636 204 3696 alib
216 3634 327 3694 ducere
342 3636 455 3706 velint3
488 3635 513 3694 si
528 3636 617 3712 Vrjos
632 3634 716 3695 ducti
730 3635 824 3705 sint,”
851 3643 971 3716 negant,
994 3647 1012 3674 “
1025 3655 1057 3696 se
1070 3635 1142 3697 iude

131 3713 234 3796 prius,
244 3716 336 3792 quim
350 3721 438 3796 capti
449 3717 521 3776 urbe
536 3714 674 3783 hostium,
687 3714 835 3776 redituros
847 3717 944 3775 esse.'’
985 3717 1067 3776 Tum
1090 3736 1144 3776 re-

135 3795 179 3852 rb
195 3794 257 3871 jum
272 3793 500 3874 superfundenti
512 3813 544 3855 se
565 3793 682 3854 laetitiae
704 3795 754 3854 vix
775 3800 973 3873 temperatum
995 3804 1063 3868 est3
1084 3815 1145 3858 non

135 3870 234 3944 enisu,
246 3873 326 3936 sicut
339 3875 465 3955 equites,
488 3876 559 3940 duto
579 3874 800 3958 magistratibus
812 3876 941 3958 negotio,
955 3876 1069 3943 laudari
1078 3878 1149 3960 jus*
