2634 4392
533 325 664 388 LIBER
677 325 720 388 Il.
1088 335 1126 394 71

142 487 259 572 Regillo,
267 489 375 568 magni
383 485 538 546 clientium
549 485 708 546 comitatus
718 486 949 556 manu,Romam
958 485 1130 572 transfugit.

141 571 190 631 llis
203 569 309 630 civitas
322 568 392 628 data
403 586 534 648 agerque
548 573 631 626 trans
647 566 794 628 Anienem
806 587 815 638 ;
836 575 921 629 vetus
933 569 1061 630 Claudia
1074 570 1129 630 tri·

141 654 195 718 bus,
204 648 320 709 additis
333 654 437 728 postea
451 647 534 706 novis
547 646 714 718 tribulibus,
728 647 780 726 qui
801 667 887 708 exeo
901 649 1038 710 venirent
1050 669 1130 732 agro,
1217 705 1218 714 ,

141 728 290 823 appellata.
330 727 457 821 Appius,
470 726 549 787 inter
563 728 668 788 Patres
690 727 794 796 lectus,
807 727 886 788 haud
900 727 944 789 itu
955 731 1049 790 multi.
1063 735 1131 810 post

99 810 100 813 ’
139 831 166 869 m
179 827 344 902 principum
364 807 567 888 drgnatiouem
587 807 732 888 pervenit.
783 807 943 878 Consules,
956 808 1065 870 infesto
1079 830 1132 870 ex·

139 896 228 1028 ercrtlu
239 888 388 1031 ἰιιῶςπμη
402 887 544 949 Sabinum
557 886 692 968 profecti,
706 905 802 966 quum
811 886 854 946 ita
866 888 1044 960 vastatione,
1061 888 1132 951 dein

139 989 200 1050 proe
213 989 248 1038 ro,
312 989 343 1028 m

1216 715 1218 756 l

1217 765 1218 794 i

344 974 440 1027 issent
452 987 524 1048 opes
537 967 676 1036 hostium,
696 974 730 1026 ut
744 967 795 1025 diu
806 963 807 968 ’
817 967 889 1027 nihil
910 966 980 1029 inde
994 969 1132 1030 rebellio·
1217 967 1218 1024 l

138 1048 181 1107 nis
193 1048 298 1109 timere
312 1053 442 1128 possent,
457 1046 673 1129 triumphantes
688 1047 813 1107 Romam
823 1041 984 1108 redierunt.
1029 1049 1060 1109 P.
1071 1049 1132 1110 Va·

139 1128 231 1198 ledus,
252 1128 382 1189 omnium
404 1146 552 1189 consensu
580 1126 720 1219 princeps
748 1126 830 1218 belli·
840 1127 982 1208 pacisque
1010 1129 1132 1206 artibus,
1217 1147 1218 1212 ᾗ

140 1227 210 1268 auno
222 1214 300 1289 post,
315 1207 456 1301 Agrippa.
470 1207 622 1275 Menenio,
644 1207 678 1266 Ρ.
700 1207 851 1266 Postumio
866 1207 1056 1282 Consulibus,
1070 1229 1132 1269 mo·
1217 1237 1218 1284 l

140 1287 214 1359 ritur,
228 1287 326 1368 gloria
345 1293 468 1369 ingenti,
489 1286 583 1368 copiis
603 1285 797 1354 familiaribus
808 1286 887 1350 adab
900 1287 1024 1368 exiguis,
1038 1296 1072 1347 ut
1085 1287 1132 1348 su-

139 1369 194 1426 uen'
207 1375 350 1446 sumptus
362 1368 501 1427 deesset:
530 1367 568 1426 de
588 1367 707 1447 publico
728 1373 775 1426 est
788 1368 895 1426 elatus.
937 1368 1056 1428 Luxere
1069 1389 1132 1428 ma·
1217 1367 1218 1450 3

139 1451 240 1515 bonae,
254 1458 289 1504 ut
303 1444 439 1505 Brutum.
491 1447 604 1505 Eodem
618 1466 697 1506 anno
709 1447 775 1508 duae
790 1446 915 1508 oolouiae
931 1448 1062 1518 Latinae,
1075 1449 1133 1508 Po·
1217 1457 1218 1518 3

139 1527 222 1587 metia
249 1525 378 1594 etCora,
392 1526 430 1585 ad
452 1528 610 1587 Auruncos
624 1525 788 1596 deficiunt3
823 1545 889 1587 cum
905 1527 1056 1588 Auruncis
1070 1528 1133 1588 bel·
1217 1527 1218 1600 J

138 1605 192 1665 lum
205 1605 335 1675 initum;
355 1603 481 1685 fusoque
494 1605 609 1686 ingenti
623 1607 766 1676 exercitu,
786 1605 838 1686 qui
853 1625 885 1666 se
898 1605 1133 1688 ingredientibus
1217 1667 1218 1670 ,

138 1685 206 1746 fines
220 1684 392 1746 consulibus
408 1685 546 1745 ferociter
558 1685 717 1754 obtulerat,
731 1705 818 1744 omne
833 1689 1010 1746 Auruncum
1021 1688 1133 1748 bellum
1217 1691 1218 1748 ζ

138 1763 299 1827 Pometiam
313 1765 498 1856 compulsum
512 1771 568 1823 est.
608 1765 676 1824 Nec
690 1764 784 1845 magis
805 1772 873 1846 post
884 1765 1032 1846 proelium,
1044 1781 1134 1845 quam
1217 1755 1218 1788 ³

138 1845 165 1903 in
177 1845 295 1926 proelio,
310 1844 443 1905 caedrbus
464 1850 662 1926 temperatum
683 1851 747 1914 est3
769 1849 801 1904 et
815 1844 887 1904 caesi
901 1845 1053 1924 aliquanto
1066 1847 1134 1929 plu-

139 1944 178 1984 res
192 1931 291 1994 erant,
305 1925 395 2003 quim
410 1924 508 2003 capti,
529 1932 560 1984 et
580 1928 684 2006 captos
699 1924 811 2006 passim
835 1924 1082 2006 trucidaverunt,
1096 1947 1135 1991 ne

139 2005 168 2061 ab
186 2004 342 2065 obsidibus
363 2005 494 2095 quidem,
524 2005 577 2084 qui
606 2005 737 2065 trecenti
757 2005 875 2086 accepti
895 2024 1018 2066 numero
1039 2014 1135 2080 erant,

137 2081 204 2142 bam
217 2081 294 2144 belli
313 2083 406 2142 hostis
419 2083 572 2143 abstinuit.
610 2084 653 2143 Et
673 2086 728 2145 hoc
749 2103 828 2152 anno
847 2085 950 2164 Romae
971 2085 1135 2168 triumpha·

138 2167 202 2221 tum.
618 2213 627 2223 .
731 2180 734 2184 ’

168 2239 275 2300 XVII.
296 2236 401 2299 Seouti
414 2239 562 2308 consules,
576 2239 680 2320 Opiter
706 2240 861 2333 Virginius
882 2249 912 2302 et
937 2243 987 2325 Sp.
1001 2243 1135 2318 Cassius,

140 2318 297 2382 Pometiam
311 2320 408 2400 primo
421 2318 460 2387 vi,
474 2318 582 2379 deinde
602 2318 698 2380 vineis
725 2321 850 2400 ali1sque
864 2322 1010 2401 operibus
1024 2345 1136 2406 oppug-

139 2406 301 2470 naverunt3
334 2398 367 2457 in
393 2418 469 2478 quos
496 2397 640 2467 Aurunci,
669 2400 763 2482 magis
781 2404 845 2494 jam
866 2400 1038 2483 inexpiabili
1060 2405 1137 2498 odip,

139 2480 221 2556 quim
236 2499 291 2559 spe
319 2478 420 2558 aliqui
442 2479 673 2548 autocoasiona,
700 2493 802 2550 coortu,
823 2501 915 2560 quum
933 2483 1037 2574 plures
1064 2484 1136 2566 igni,

139 2560 222 2635 quim
234 2558 325 2627 ferro,
339 2557 444 2619 armati
458 2559 709 2630 excucurrissent,
723 2561 807 2622 coede
821 2561 1020 2641 incendioque
1045 2585 1137 2626 cunc·

139 2644 165 2697 ta
177 2639 350 2719 complent,
380 2637 477 2697 vineis
498 2639 638 2709 incensis,
660 2641 761 2702 multis
782 2641 911 2702 hostium
926 2644 1091 2704 vulneratis
1106 2649 1138 2706 et

140 2717 250 2788 occisis,
266 2717 422 2778 consulum
436 2737 555 2797 quoque
576 2721 715 2788 alterum,
731 2720 795 2800 (sed
810 2729 920 2791 utrum,
941 2741 1050 2783 nomen
1065 2745 1136 2785 auc·
1217 2711 1218 2796 3

139 2801 211 2858 tores
225 2816 288 2857 non
314 2796 471 2878 adjiciunt)
486 2799 570 2878 gravi
583 2799 708 2860 vulnere
722 2817 759 2860 ex
773 2821 850 2880 equo
863 2801 1023 2881 dejectum,
1046 2825 1136 2886 prope

141 2875 360 2938 interfecerunt.
400 2877 527 2936 Romam
549 2877 630 2948 inde,
651 2881 730 2939 malt
750 2885 835 2961 gesti
856 2902 898 2951 re,
919 2882 1069 2944 reditum:
1090 2885 1136 2944 in·
1217 2885 1218 2942 l

142 2962 180 3012 ter
198 2957 311 3016 multos
331 2955 448 3014 saucios
469 2958 572 3015 consul
592 2978 645 3038 spe
666 2959 783 3020 incerta
803 2960 875 3021 vitae
910 2961 1043 3023 relictus
1084 2963 1137 3025 ln·

142 3037 260 3115 adesto
273 3033 384 3093 deinde
408 3035 486 3095 haud
506 3055 613 3118 magno
628 3038 733 3128 spatio,
747 3041 827 3116 quod
840 3039 1014 3114 vulneribus
1025 3059 1136 3107 'curan-
1217 3103 1218 3106 ,

143 3111 182 3173 dis
194 3111 423 3206 supplendoque
437 3113 583 3177 exercitui
597 3121 669 3174 s'atrs
691 3126 779 3185 esset,
793 3125 856 3176 tum
870 3117 915 3178 iri
930 3123 1041 3202 majore
1055 3123 1137 3195 belli,
1217 3153 1218 3188 2

142 3197 197 3252 tum
219 3193 331 3253 viribus
345 3203 435 3253 etiam
462 3193 568 3261 auctis,
589 3195 733 3256 Pometiae
756 3215 837 3256 arma
855 3195 962 3271 illata;
983 3210 1014 3261 et
1034 3221 1136 3282 quum,
1217 3201 1218 3242 ³

143 3271 230 3334 vineis
244 3272 366 3333 refectis
380 3273 499 3352 alitque
514 3275 591 3334 m'ole
604 3275 685 3343 belli,
701 3276 809 3353 jamin
823 3298 858 3336 eo
873 3287 963 3348 esset,
977 3283 1055 3342 utin
1070 3303 1135 3346 mu·
1217 3271 1218 3342 l

143 3369 183 3412 ros
197 3353 339 3414 evaderet
358 3353 454 3420 miles,
468 3353 582 3414 deditio
595 3364 643 3414 est
655 3353 754 3426 laem
775 3362 908 3416 ceterdm
921 3359 1013 3422 nihilo
1035 3363 1134 3426 mimis

143 3429 228 3502 fords,
250 3433 351 3493 dedita
372 3436 455 3502 urbe,
489 3453 579 3513 quam
600 3433 626 3493 si
645 3442 734 3517 capta
754 3435 839 3504 foret,
866 3438 1003 3499 Aurunci
1024 3445 1135 3522 passim

145 3511 289 3591 principes
302 3514 398 3573 securi
418 3513 563 3596 percussi,
574 3516 628 3574 sub
642 3535 752 3576 corona
766 3516 922 3578 venierunt
944 3521 1040 3582 coloni
1061 3523 1134 3595 alii;

145 3591 277 3680 oppidum
291 3590 431 3670 dirutum,
443 3612 514 3676 ager
527 3594 629 3654 veniit.
671 3595 827 3667 Consules,
842 3599 933 3680 magis
947 3603 983 3660 ob
994 3601 1053 3661 iras
1066 3623 1133 3684 gra-

146 3679 214 3732 uter
225 3671 317 3750 ultas,
331 3671 419 3750 quim
431 3676 468 3736 ob
482 3672 715 3755 magnitudinem
728 3677 853 3758 perfecti
867 3677 947 3748 belli,
968 3680 1132 3763 triumpha·

146 3761 219 3810 runt.

180 3828 294 3894 rtur.
314 3831 486 3913 insequens*
506 3853 603 3898 anuos
632 3835 806 3900 Postumum
836 3837 1006 3902 Cominium
1031 3846 1063 3904 et
1092 3839 1131 3904 Τ.
