2634 4392
404 409 406 418 .
525 364 656 432 urano
668 366 728 433 111,
817 326 826 357 ⁹
950 364 960 383 ³
1063 366 1121 433 ase

96 525 97 556 f
137 524 208 605 quod
219 527 279 589 vim
290 520 480 592 tribuniciam
492 524 653 598 desideret,
668 523 796 609 spondet
808 542 861 605 per
883 528 949 585 etue
964 524 1121 595 consulum

105 668 108 676 ,
137 610 275 668 amborum
288 607 320 671 in
332 608 470 671 libertate
481 612 581 665 vestra
593 606 706 669 tuenda
720 606 822 696 cura3”
862 544 904 665 itt
916 593 1047 693 primuml
1057 626 1120 699 mq-

137 684 243 747 dcratio.
259 688 370 751 tribuni
390 698 503 749 metum
526 684 664 748 Patribus
688 686 758 747 denr
780 692 828 753 srt,
854 683 1017 765 eademque
1037 692 1122 747 auxit

95 827 97 831 Α
137 768 281 829 consulum
293 767 457 839 invidiem3
478 764 559 849 quod
579 768 655 827 adeo
668 766 724 827 toti
744 707 838 847 piebis
850 763 990 834 fuissent,
1016 770 1052 825 ut
1064 766 1122 825 Pa·

136 849 206 906 trum
227 849 334 909 salutis
347 847 553 932 libertatisque
573 847 652 925 prior
674 844 789 927 plebeio
810 842 1004 936 magistratui,
1023 844 1122 931 'quam

135 926 259 1002 patricio,
283 948 356 989 cura
374 926 501 1002 fuisset3
520 930 555 985 er
575 934 646 988 ante
666 925 801 993 inimicos
822 928 944 983 satietas
969 943 1124 1006 prenarum

136 1022 245 1067 suarum
257 1009 395 1089 cepisset,
431 1008 501 1073 uim
514 1005 630 1066 obviarn
643 1006 736 1069 ituros
750 1002 883 1065 licentiae
895 1022 996 1064 eorum
1015 1024 1124 1071 consu-

135 1082 174 1141 les
192 1082 357 1167 appareret.
437 1085 553 1179 ultique
576 1091 673 1155 erant,
699 1084 752 1224 qui
765 1082 884 1144 mollius
896 1083 1065 1146 consultum
1078 1082 1125 1144 di·

136 1171 238 1235 cerent,
251 1168 332 1247 qudd
345 1161 447 1247 legum
458 1168 496 1229 eb
508 1186 546 1227 ns
559 1166 689 1228 latarum
728 1170 807 1226 atres
829 1162 1126 1235 auctores-fuissentr
1218 1188 1220 1195 ·

130 1259 224 1321 'neque
238 1253 303 1309 erat
312 1247 446 1318 dubium,
469 1244 554 1335 quio,
572 1248 692 1312 turbato
715 1244 884 1339 reipublice
898 1248 989 1315 sidtu,
1001 1242 1128 1335 ‘tempori
1221 1260 1222 1333 l

131 1326 362 1388 succubuissent.
786 1382 789 1387 ,
968 1338 975 1351 “
997 1370 1005 1386 .
1221 1340 1222 1381 l

167 1401 233 1463 Lx,
253 1406 409 1476 Consules,
419 1402 510 1469 rebus
530 1406 650 1468 urbanis
664 1400 844 1487 compositis,
863 1402 1047 1487 fundatoque
1060 1404 1125 1485 ple·
1221 1432 1222 1475 4

132 1477 171 1539 lis
191 1489 281 1554 statu,
306 1484 339 1560 in
359 1485 526 1567 provincias
547 1485 660 1547 diversi
676 1487 783 1548 abiere.
823 1484 963 1545 Valerius
982 1484 1126 1547 adversus
1221 1502 1222 1513 ¹

137 1563 307 1640 conjunctos
322 1567 386 1646 jam
399 1565 431 1627 in
450 1567 561 1649 Algido
581 1565 731 1627 exercitus
752 1564 916 1645 AEquorum
937 1561 1128 1641 Volscorum·
1221 1628 1222 1635 ,

133 1657 184 1716 que
196 1643 339 1705 sustinuit
353 1645 476 1707 consilio
488 1647 611 1707 bellum.
651 1645 740 1721 Quid
755 1644 778 1703 si
795 1644 944 1724 extemplo
957 1665 1020 1705 rem
1030 1644 1126 1712 fortu-
1221 1680 1222 1711 1

132 1735 176 1779 uae
187 1724 394 1795 commisisset,
416 1725 496 1784 haud
509 1724 581 1793 scio,
601 1744 642 1785 an
667 1722 808 1815 (quitum
821 1720 912 1794 animi
926 1726 962 1789 ab
976 1724 1126 1791 decemvi·
1221 1758 1222 1795 5

134 1815 229 1861 rurum
242 1802 567 1885 infelicibusauspiciis
576 1804 720 1873 monus
731 1801 923 1881 hostibusque
934 1804 1029 1886 erant)
1044 1824 1093 1866 ma
1115 1837 1127 1851 ·
1221 1876 1222 1895 ἦ

132 1893 166 1937 uo
188 1880 369 1944 detrimento
393 1893 544 1945 certarnen
567 1888 715 1945 staturum
741 1882 842 1943 fuerit
896 1880 1020 1953 Castris,
1043 1826 1125 1948 milis
1221 1948 1222 1961 ,

132 1975 270 2045 passuum
281 1965 318 2025 ab
329 1964 412 2025 hoste
427 1964 539 2046 positis,
552 1963 653 2057 copiss
667 1962 856 2031 continebat3
875 1960 975 2024 hostes
994 1964 1126 2027 medium
1221 2002 1222 2029 r

131 2046 206 2099 luter
214 2041 286 2102 bina
299 2050 397 2104 castra
411 2043 539 2125 spatium
553 2065 618 2112 acre
630 2043 1001 2125 rnstructscomplebants
1021 2065 1126 2126 provo·
1221 2082 1222 2087 κ

132 2119 324 2199 cantibusque
344 2122 383 2182 od
397 2122 537 2201 pioelium
555 2142 731 2204 responsum
752 2122 905 2189 &manus
917 2144 1005 2185 nemo
1018 2124 1127 2209 redde·
1221 2130 1222 2139 ’

132 2194 188 2255 bat.
230 2198 368 2261 Tandem
381 2197 498 2282 fatigati
517 2201 634 2272 stando,
657 2223 694 2271 sc
714 2202 912 2283 nequicquam
926 2205 1127 2285 exspectando
1221 2226 1222 2269 r

133 2281 290 2347 certamen,
303 2280 398 2373 AEqui
412 2282 583 2362 Volscique,
603 2289 762 2375 postquam
783 2302 957 2345 concessum
971 2304 1125 2367 propenso·
1221 2282 1222 2337 ἒ

133 2353 198 2416 dum
212 2357 251 2418 de
264 2353 574 2432 victonocredebaut
599 2381 669 2443 pars
689 2384 721 2423 m
735 2362 894 2433 Hernicos,
907 2382 976 2455 pars
995 2364 1027 2425 in
1041 2365 1126 2427 Lati·
1221 2386 1222 2407 ³

132 2450 181 2495 uos
193 2438 362 2519 praedatuor
375 2444 506 2512 abeuntr
526 2440 707 2522 relinquitur
719 2442 812 2535 magis
827 2450 932 2505 castris
943 2442 1126 2535 praesidiurm
1221 2474 1222 2529 3

132 2532 216 2589 quam
230 2517 305 2579 satis
318 2518 424 2581 virium
438 2522 476 2581 ad
490 2527 641 2583 certamen
653 2543 663 2593 ;
683 2522 764 2601 quod
776 2522 817 2593 rbi
829 2524 934 2586 consul
944 2523 1047 2595 sensit,
1056 2526 1125 2594 red·

133 2590 172 2652 dit
184 2596 301 2657 illatum
316 2605 405 2660 antea
424 2606 578 2674 terrorem,
600 2600 808 2681 instructoque
831 2604 896 2666 acie
915 2604 995 2666 ultro
1007 2603 1125 2676 hostem

131 2668 255 2737 lacessit.
296 2677 355 2737 Ubi
369 2678 424 2747 illi,
439 2678 623 2742 conscientia
636 2680 709 2761 quid
721 2684 838 2743 abesset
848 2681 964 2754 virium,
975 2682 1125 2749 detrecta-

132 2767 193 2814 vere
204 2776 345 2839 pugnam,
359 2760 455 2820 crevit
467 2766 566 2821 extem
586 2760 616 2820 lo
626 2762 770 2822 Romanis
781 2763 906 2833 animus,
927 2771 959 2824 et
971 2784 1024 2845 pro
1037 2760 1125 2838 victis

131 2826 273 2897 lacerant
282 2845 425 2916 paventes
438 2839 519 2899 intra
531 2781 653 2914 vaiium.
694 2842 792 2916 Quum
805 2862 859 2929 per
869 2850 965 2905 totum
974 2844 1053 2914 diem
1064 2854 1125 2916 ste·

133 2907 234 2976 iissent
253 2915 365 2975 intenti
384 2918 423 2977 od
438 2923 598 2988 certamen,
622 2920 703 2999 nocti
717 2940 852 2983 cessere:
873 2930 904 2984 ct
917 2924 1043 2991 Romani
1057 2928 1124 3007 qui-

133 2987 193 3053 dem
206 2994 290 3076 pleni
304 2992 368 3075 spei
380 3000 678 3087 'corpora'eurabaut
719 2996 959 3081 Haudquaquam
980 3004 1125 3085 pari‘hos·
1221 3018 1222 3071 l

131 3072 173 3130 tes
186 3076 284 3135 animo
298 3094 424 3135 nuncios
436 3096 547 3157 passrm
560 3076 671 3157 trepidi
684 3078 721 3138 ad
738 3082 920 3141 revocandos
941 3084 1124 3162 praedatores
1221 3090 1222 3111 ¹

132 3148 282 3215 dimittunt
292 3175 303 3225 ;
323 3155 486 3217 recurritur
504 3176 542 3217 ex
555 3156 697 3235 proximis
710 3158 804 3231 locis;
825 3160 977 3229 ulteriores
997 3183 1058 3225 non
1077 3165 1124 3228 iu·
1221 3184 1222 3237 4

131 3232 219 3292 uenti.
247 3234 317 3308 ,Ubi
330 3234 439 3304 illuxit,
453 3236 606 3318 egreditur
619 3238 726 3303 castris
740 3238 902 3312 Romanus,
915 3242 1027 3305 vallum
1040 3242 1124 3309 inva-

132 3326 226 3381 surus,
250 3311 281 3371 ni
300 3314 506 3396 copiapugnae
520 3316 627 3388 fieret;
647 3325 687 3392 et,
722 3325 858 3399 ostquam
872 3320 966 3383 multa
981 3324 1045 3404 jaro
1059 3326 1127 3389 dies
1221 3368 1222 3383 ι

134 3396 204 3460 erat,
218 3410 315 3473 neque
325 3396 497 3456 movebatur
509 3397 670 3477 quicquam
684 3338 721 3467 ai
734 3398 827 3470 hoste,
836 3401 923 3481 jubet
936 3402 1020 3485 signa
1031 3405 1124 3466 inser·

132 3464 155 3525 ri
167 3471 292 3543 consul;
311 3479 450 3554 motaque
464 3474 538 3547 acie,
561 3475 727 3558 indignatio
742 3479 857 3561 AEquos
881 3486 912 3543 et
931 3482 1056 3563 Volscos
1077 3486 1124 3545 in·

137 3549 230 3620 cessit,
255 3550 281 3612 si
294 3552 421 3615 victores
434 3555 583 3615 exereitus
603 3557 717 3619 vallum
735 3560 844 3651 potiris,
867 3562 957 3641 quim
978 3564 1074 3625 virtus
1095 3574 1127 3627 et

133 3644 210 3691 arma
230 3637 389 3713 tegerent3
408 3634 502 3716 igitur
519 3641 550 3697 et
570 3636 627 3716 ipsi
648 3637 840 3721 efflagitatum
860 3644 896 3702 ab
917 3642 1043 3705 dusinus
1063 3644 1124 3730 sig-

133 3720 201 3795 uum
211 3732 319 3793 pugnae
331 3732 481 3795 accepere.
520 3716 587 3777 dam
611 3737 648 3777 ue
661 3738 730 3800 pars
744 3740 863 3801 egressa
872 3726 969 3803 portis
983 3730 1056 3793 erat,
1069 3725 1124 3785 de-

132 3803 292 3930 qucepsque
312 3792 364 3851 alii
384 3797 539 3855 servabunt
553 3736 698 3936 oigffiem'
719 3798 750 3861 in
772 3820 857 3939 soqm
879 3802 1124 3941 qqisqpelocpp,
1221 3824 1222 3829 ,

132 3878 576 4022 llfltlttrllllttll
594 3890 1122 4054 rcslillillstillicidiali„
