<?xml version="1.0" encoding="UTF-8"?>
<!DOCTYPE html PUBLIC "-//W3C//DTD XHTML 1.0 Transitional//EN"
    "http://www.w3.org/TR/xhtml1/DTD/xhtml1-transitional.dtd">
<html xmlns="http://www.w3.org/1999/xhtml" xml:lang="en" lang="en">
 <head>
  <title>
</title>
<meta http-equiv="Content-Type" content="text/html;charset=utf-8" />
  <meta name='ocr-system' content='tesseract 3.04.00' />
  <meta name='ocr-capabilities' content='ocr_page ocr_carea ocr_par ocr_line ocrx_word'/>
</head>
<body>
  <div class='ocr_page' id='page_1' title='image "./titiliviipatavi02livygoog_0189.png"; bbox 0 0 2634 4392; ppageno 0'>
   <div class='ocr_carea' id='block_1_1' title="bbox 524 270 1217 409">
    <p class='ocr_par' dir='ltr' id='par_1_1' title="bbox 524 270 1217 409">
     <span class='ocr_line' id='line_1_1' title="bbox 524 270 1217 409; baseline 0.006 -33"><span class='ocrx_word' id='word_1_1' title='bbox 524 311 722 409; x_wconf 73' lang='lat' dir='ltr'><strong>monum.</strong></span> <span class='ocrx_word' id='word_1_2' title='bbox 1066 270 1133 380; x_wconf 71' lang='lat' dir='ltr'><strong>&#39;em</strong></span> <span class='ocrx_word' id='word_1_3' title='bbox 1216 278 1217 349; x_wconf 47' lang='grc' dir='ltr'><strong>Γ</strong></span> 
     </span>
    </p>
   </div>
   <div class='ocr_carea' id='block_1_2' title="bbox 137 463 1217 3912">
    <p class='ocr_par' dir='ltr' id='par_1_2' title="bbox 137 463 1217 1910">
     <span class='ocr_line' id='line_1_2' title="bbox 140 463 1217 544; baseline -0.001 -5"><span class='ocrx_word' id='word_1_4' title='bbox 140 472 242 544; x_wconf 71' lang='lat' dir='ltr'><strong>senet&gt;</strong></span> <span class='ocrx_word' id='word_1_5' title='bbox 262 471 384 537; x_wconf 85' lang='lat' dir='ltr'><strong>consule</strong></span> <span class='ocrx_word' id='word_1_6' title='bbox 406 463 578 544; x_wconf 80' lang='lat' dir='ltr'><strong>exercitum,</strong></span> <span class='ocrx_word' id='word_1_7' title='bbox 603 474 731 540; x_wconf 81' lang='lat' dir='ltr'><strong>traditos</strong></span> <span class='ocrx_word' id='word_1_8' title='bbox 750 471 789 534; x_wconf 81' lang='lat' dir='ltr'><strong>sd</strong></span> <span class='ocrx_word' id='word_1_9' title='bbox 809 472 925 537; x_wconf 83' lang='lat' dir='ltr'><strong>eaedem</strong></span> <span class='ocrx_word' id='word_1_10' title='bbox 950 473 1132 542; x_wconf 73' lang='lat' dir='ltr'><strong>fortissimos</strong></span> <span class='ocrx_word' id='word_1_11' title='bbox 1216 482 1217 519; x_wconf 80' lang='grc' dir='ltr'>ῑ</span> 
     </span>
     <span class='ocr_line' id='line_1_3' title="bbox 141 553 1131 637; baseline 0 -17"><span class='ocrx_word' id='word_1_12' title='bbox 141 559 260 637; x_wconf 80' lang='lat' dir='ltr'>equites,</span> <span class='ocrx_word' id='word_1_13' title='bbox 283 556 402 616; x_wconf 83' lang='lat' dir='ltr'><strong>deserta</strong></span> <span class='ocrx_word' id='word_1_14' title='bbox 424 553 503 616; x_wconf 72' lang='lat' dir='ltr'><strong>toedd</strong></span> <span class='ocrx_word' id='word_1_15' title='bbox 528 560 634 626; x_wconf 83' lang='lat' dir='ltr'><strong>cestre,-</strong></span> <span class='ocrx_word' id='word_1_16' title='bbox 661 553 817 616; x_wconf 79' lang='lat' dir='ltr'><strong>vociferati</strong></span> <span class='ocrx_word' id='word_1_17' title='bbox 830 561 952 626; x_wconf 83' lang='lat' dir='ltr'><strong>essent3</strong></span> <span class='ocrx_word' id='word_1_18' title='bbox 972 557 1008 615; x_wconf 85' lang='lat' dir='ltr'><strong>O.</strong></span> <span class='ocrx_word' id='word_1_19' title='bbox 1021 559 1131 630; x_wconf 80' lang='lat' dir='ltr'>Julius,</span> 
     </span>
     <span class='ocr_line' id='line_1_4' title="bbox 140 633 1132 716; baseline 0 -18"><span class='ocrx_word' id='word_1_20' title='bbox 140 657 209 698; x_wconf 86' lang='lat' dir='ltr'><strong>unus</strong></span> <span class='ocrx_word' id='word_1_21' title='bbox 230 656 267 698; x_wconf 89' lang='lat' dir='ltr'><strong>ex</strong></span> <span class='ocrx_word' id='word_1_22' title='bbox 289 636 423 704; x_wconf 88' lang='lat' dir='ltr'><strong>tribunis,</strong></span> <span class='ocrx_word' id='word_1_23' title='bbox 449 634 648 716; x_wconf 81' lang='lat' dir='ltr'>Tempanium</span> <span class='ocrx_word' id='word_1_24' title='bbox 676 633 808 715; x_wconf 77' lang='lat' dir='ltr'>equitem</span> <span class='ocrx_word' id='word_1_25' title='bbox 828 634 928 695; x_wconf 82' lang='lat' dir='ltr'><strong>vocari</strong></span> <span class='ocrx_word' id='word_1_26' title='bbox 950 637 1058 697; x_wconf 74' lang='lat' dir='ltr'><strong>’ussite</strong></span> <span class='ocrx_word' id='word_1_27' title='bbox 1080 656 1132 699; x_wconf 90' lang='lat' dir='ltr'><strong>co·</strong></span> 
     </span>
     <span class='ocr_line' id='line_1_5' title="bbox 140 656 1133 796; baseline 0.001 -19"><span class='ocrx_word' id='word_1_28' title='bbox 140 737 257 796; x_wconf 83' lang='lat' dir='ltr'><strong>rumque</strong></span> <span class='ocrx_word' id='word_1_29' title='bbox 268 715 321 785; x_wconf 89' lang='lat' dir='ltr'><strong>eis,</strong></span> <span class='ocrx_word' id='word_1_30' title='bbox 334 727 352 752; x_wconf 88' lang='lat'><strong>“</strong></span> <span class='ocrx_word' id='word_1_31' title='bbox 365 717 455 776; x_wconf 79' lang='lat' dir='ltr'><strong>Sexte</strong></span> <span class='ocrx_word' id='word_1_32' title='bbox 468 713 648 796; x_wconf 79' lang='lat' dir='ltr'><strong>Tempani,’&#39;</strong></span> <span class='ocrx_word' id='word_1_33' title='bbox 662 713 770 793; x_wconf 89' lang='lat' dir='ltr'><strong>inquit,</strong></span> <span class='ocrx_word' id='word_1_34' title='bbox 796 726 814 752; x_wconf 88' lang='lat'>“</span> <span class='ocrx_word' id='word_1_35' title='bbox 823 733 926 794; x_wconf 86' lang='lat' dir='ltr'><strong>qusero</strong></span> <span class='ocrx_word' id='word_1_36' title='bbox 939 656 978 776; x_wconf 89' lang='lat' dir='ltr'><strong>de</strong></span> <span class='ocrx_word' id='word_1_37' title='bbox 990 721 1031 785; x_wconf 87' lang='lat' dir='ltr'><strong>te,</strong></span> <span class='ocrx_word' id='word_1_38' title='bbox 1054 718 1133 778; x_wconf 79' lang='lat' dir='ltr'><strong>orbi·</strong></span> 
     </span>
     <span class='ocr_line' id='line_1_6' title="bbox 140 793 1132 878; baseline 0.003 -22"><span class='ocrx_word' id='word_1_39' title='bbox 140 800 261 858; x_wconf 85' lang='lat' dir='ltr'><strong>trerisne</strong></span> <span class='ocrx_word' id='word_1_40' title='bbox 275 797 312 858; x_wconf 80' lang='lat' dir='ltr'><strong>C·</strong></span> <span class='ocrx_word' id='word_1_41' title='bbox 326 793 531 876; x_wconf 82' lang='lat' dir='ltr'><strong>Sempronium</strong></span> <span class='ocrx_word' id='word_1_42' title='bbox 558 794 718 854; x_wconf 78' lang='lat' dir='ltr'><strong>consulem·</strong></span> <span class='ocrx_word' id='word_1_43' title='bbox 738 800 792 856; x_wconf 84' lang='lat' dir='ltr'><strong>ant</strong></span> <span class='ocrx_word' id='word_1_44' title='bbox 808 793 841 854; x_wconf 89' lang='lat' dir='ltr'><strong>in</strong></span> <span class='ocrx_word' id='word_1_45' title='bbox 854 800 990 876; x_wconf 86' lang='lat' dir='ltr'><strong>tempore</strong></span> <span class='ocrx_word' id='word_1_46' title='bbox 1001 816 1132 878; x_wconf 82' lang='lat' dir='ltr'><strong>pugnam</strong></span> 
     </span>
     <span class='ocr_line' id='line_1_7' title="bbox 139 873 1217 948; baseline 0.002 -12"><span class='ocrx_word' id='word_1_47' title='bbox 139 875 237 948; x_wconf 86' lang='lat' dir='ltr'><strong>inisse,</strong></span> <span class='ocrx_word' id='word_1_48' title='bbox 263 881 315 936; x_wconf 80' lang='lat' dir='ltr'><strong>aut</strong></span> <span class='ocrx_word' id='word_1_49' title='bbox 338 875 474 937; x_wconf 67' lang='lat' dir='ltr'><strong>firmisse</strong></span> <span class='ocrx_word' id='word_1_50' title='bbox 487 873 626 937; x_wconf 82' lang='lat' dir='ltr'><strong>subsidiis</strong></span> <span class='ocrx_word' id='word_1_51' title='bbox 641 873 746 943; x_wconf 84' lang='lat' dir='ltr'><strong>eciem,</strong></span> <span class='ocrx_word' id='word_1_52' title='bbox 769 879 822 936; x_wconf 84' lang='lat' dir='ltr'><strong>eut</strong></span> <span class='ocrx_word' id='word_1_53' title='bbox 841 875 904 934; x_wconf 83' lang='lat' dir='ltr'><strong>ullo</strong></span> <span class='ocrx_word' id='word_1_54' title='bbox 916 874 986 936; x_wconf 86' lang='lat' dir='ltr'><strong>boni</strong></span> <span class='ocrx_word' id='word_1_55' title='bbox 1000 877 1132 938; x_wconf 84' lang='lat' dir='ltr'><strong>consulis</strong></span> <span class='ocrx_word' id='word_1_56' title='bbox 1151 882 1154 890; x_wconf 77' lang='lat'><strong><em>‘</em></strong></span> <span class='ocrx_word' id='word_1_57' title='bbox 1216 934 1217 941; x_wconf 72' lang='grc'>,</span> 
     </span>
     <span class='ocr_line' id='line_1_8' title="bbox 139 952 1136 1036; baseline -0.001 -18"><span class='ocrx_word' id='word_1_58' title='bbox 139 954 271 1018; x_wconf 83' lang='lat' dir='ltr'><strong>functum</strong></span> <span class='ocrx_word' id='word_1_59' title='bbox 285 953 406 1016; x_wconf 83' lang='lat' dir='ltr'><strong>officio?</strong></span> <span class='ocrx_word' id='word_1_60' title='bbox 426 959 466 1024; x_wconf 87' lang='lat' dir='ltr'><strong>et,</strong></span> <span class='ocrx_word' id='word_1_61' title='bbox 492 959 565 1014; x_wconf 86' lang='lat' dir='ltr'><strong>tunc</strong></span> <span class='ocrx_word' id='word_1_62' title='bbox 588 954 663 1034; x_wconf 88' lang='lat' dir='ltr'><strong>ipse,</strong></span> <span class='ocrx_word' id='word_1_63' title='bbox 690 953 778 1014; x_wconf 82' lang='lat' dir='ltr'><strong>victis</strong></span> <span class='ocrx_word' id='word_1_64' title='bbox 790 952 955 1036; x_wconf 81' lang='lat' dir='ltr'><strong>legionibus</strong></span> <span class='ocrx_word' id='word_1_65' title='bbox 981 955 1136 1029; x_wconf 75' lang='lat' dir='ltr'><strong>Romanis,</strong></span> 
     </span>
     <span class='ocr_line' id='line_1_9' title="bbox 138 1033 1134 1118; baseline 0 -22"><span class='ocrx_word' id='word_1_66' title='bbox 138 1040 185 1096; x_wconf 87' lang='lat' dir='ltr'><strong>tuo</strong></span> <span class='ocrx_word' id='word_1_67' title='bbox 193 1035 323 1108; x_wconf 88' lang='lat' dir='ltr'><strong>consilio</strong></span> <span class='ocrx_word' id='word_1_68' title='bbox 336 1033 468 1114; x_wconf 81' lang='lat' dir='ltr'><strong>equitem</strong></span> <span class='ocrx_word' id='word_1_69' title='bbox 481 1033 520 1094; x_wconf 83' lang='lat' dir='ltr'><strong>od</strong></span> <span class='ocrx_word' id='word_1_70' title='bbox 532 1033 625 1114; x_wconf 89' lang='lat' dir='ltr'><strong>pedes</strong></span> <span class='ocrx_word' id='word_1_71' title='bbox 639 1033 809 1102; x_wconf 85' lang='lat' dir='ltr'><strong>deduxeris,</strong></span> <span class='ocrx_word' id='word_1_72' title='bbox 821 1033 1047 1114; x_wconf 86' lang='lat' dir='ltr'><strong>restituerisque</strong></span> <span class='ocrx_word' id='word_1_73' title='bbox 1056 1057 1134 1118; x_wconf 81' lang='lat' dir='ltr'><strong>pug-</strong></span> 
     </span>
     <span class='ocr_line' id='line_1_10' title="bbox 138 1111 1134 1193; baseline 0.002 -17"><span class='ocrx_word' id='word_1_74' title='bbox 138 1117 225 1178; x_wconf 80' lang='lat' dir='ltr'><strong>nem?</strong></span> <span class='ocrx_word' id='word_1_75' title='bbox 246 1115 369 1176; x_wconf 80' lang='lat' dir='ltr'><strong>excluso</strong></span> <span class='ocrx_word' id='word_1_76' title='bbox 388 1114 497 1174; x_wconf 88' lang='lat' dir='ltr'><strong>deinde</strong></span> <span class='ocrx_word' id='word_1_77' title='bbox 518 1115 555 1175; x_wconf 85' lang='lat' dir='ltr'><strong>ob</strong></span> <span class='ocrx_word' id='word_1_78' title='bbox 581 1111 646 1184; x_wconf 85' lang='lat' dir='ltr'><strong>ocie</strong></span> <span class='ocrx_word' id='word_1_79' title='bbox 666 1119 769 1174; x_wconf 85' lang='lat' dir='ltr'><strong>nostra</strong></span> <span class='ocrx_word' id='word_1_80' title='bbox 788 1113 843 1174; x_wconf 91' lang='lat' dir='ltr'><strong>tibi</strong></span> <span class='ocrx_word' id='word_1_81' title='bbox 865 1120 957 1193; x_wconf 83' lang='lat' dir='ltr'><strong>etque</strong></span> <span class='ocrx_word' id='word_1_82' title='bbox 984 1115 1134 1193; x_wconf 79' lang='lat' dir='ltr'><strong>equitibus</strong></span> 
     </span>
     <span class='ocr_line' id='line_1_11' title="bbox 138 1193 1135 1276; baseline 0.001 -20"><span class='ocrx_word' id='word_1_83' title='bbox 138 1213 206 1256; x_wconf 90' lang='lat' dir='ltr'><strong>num</strong></span> <span class='ocrx_word' id='word_1_84' title='bbox 219 1201 272 1258; x_wconf 81' lang='lat' dir='ltr'><strong>eut</strong></span> <span class='ocrx_word' id='word_1_85' title='bbox 284 1193 386 1256; x_wconf 86' lang='lat' dir='ltr'><strong>consul</strong></span> <span class='ocrx_word' id='word_1_86' title='bbox 399 1194 465 1276; x_wconf 80' lang='lat' dir='ltr'><strong>ipse</strong></span> <span class='ocrx_word' id='word_1_87' title='bbox 479 1194 658 1268; x_wconf 81' lang='lat' dir='ltr'><strong>subvenerit,</strong></span> <span class='ocrx_word' id='word_1_88' title='bbox 670 1199 724 1253; x_wconf 81' lang='lat' dir='ltr'><strong>out</strong></span> <span class='ocrx_word' id='word_1_89' title='bbox 732 1193 846 1254; x_wconf 87' lang='lat' dir='ltr'><strong>miserit</strong></span> <span class='ocrx_word' id='word_1_90' title='bbox 853 1193 1027 1274; x_wconf 62' lang='lat' dir='ltr'><strong>praesidinm</strong></span> <span class='ocrx_word' id='word_1_91' title='bbox 1038 1195 1051 1252; x_wconf 77' lang='lat' dir='ltr'><strong>t</strong></span> <span class='ocrx_word' id='word_1_92' title='bbox 1064 1215 1135 1276; x_wconf 89' lang='lat' dir='ltr'><strong>pos·</strong></span> 
     </span>
     <span class='ocr_line' id='line_1_12' title="bbox 138 1272 1134 1355; baseline 0.002 -21"><span class='ocrx_word' id='word_1_93' title='bbox 138 1280 199 1336; x_wconf 92' lang='lat' dir='ltr'><strong>tero</strong></span> <span class='ocrx_word' id='word_1_94' title='bbox 220 1275 349 1355; x_wconf 89' lang='lat' dir='ltr'><strong>denique</strong></span> <span class='ocrx_word' id='word_1_95' title='bbox 370 1274 419 1335; x_wconf 92' lang='lat' dir='ltr'><strong>die</strong></span> <span class='ocrx_word' id='word_1_96' title='bbox 433 1273 542 1354; x_wconf 78' lang='lat' dir='ltr'><strong>ecquid</strong></span> <span class='ocrx_word' id='word_1_97' title='bbox 569 1272 692 1354; x_wconf 87' lang='lat' dir='ltr'><strong>presidii</strong></span> <span class='ocrx_word' id='word_1_98' title='bbox 714 1292 841 1352; x_wconf 79' lang='lat' dir='ltr'><strong>usquam</strong></span> <span class='ocrx_word' id='word_1_99' title='bbox 860 1273 1021 1334; x_wconf 74' lang='lat' dir='ltr'>habueris?</span> <span class='ocrx_word' id='word_1_100' title='bbox 1040 1294 1079 1336; x_wconf 82' lang='lat' dir='ltr'><strong>en</strong></span> <span class='ocrx_word' id='word_1_101' title='bbox 1099 1281 1134 1340; x_wconf 87' lang='lat' dir='ltr'><strong>tu</strong></span> 
     </span>
     <span class='ocr_line' id='line_1_13' title="bbox 138 1352 1134 1434; baseline 0.002 -20"><span class='ocrx_word' id='word_1_102' title='bbox 138 1355 299 1434; x_wconf 75' lang='lat' dir='ltr'><strong>cohorsque</strong></span> <span class='ocrx_word' id='word_1_103' title='bbox 324 1355 356 1414; x_wconf 88' lang='lat' dir='ltr'><strong>in</strong></span> <span class='ocrx_word' id='word_1_104' title='bbox 370 1360 468 1415; x_wconf 81' lang='lat' dir='ltr'><strong>cestra</strong></span> <span class='ocrx_word' id='word_1_105' title='bbox 481 1358 582 1414; x_wconf 67' lang='lat' dir='ltr'><strong>vestre</strong></span> <span class='ocrx_word' id='word_1_106' title='bbox 594 1353 706 1414; x_wconf 87' lang='lat' dir='ltr'><strong>virtute</strong></span> <span class='ocrx_word' id='word_1_107' title='bbox 718 1352 936 1433; x_wconf 78' lang='lat' dir='ltr'><strong>perruperitis?</strong></span> <span class='ocrx_word' id='word_1_108' title='bbox 957 1373 1082 1433; x_wconf 78' lang='lat' dir='ltr'><strong>ecquem</strong></span> <span class='ocrx_word' id='word_1_109' title='bbox 1095 1355 1134 1416; x_wconf 71' lang='lat' dir='ltr'><strong>‘in</strong></span> 
     </span>
     <span class='ocr_line' id='line_1_14' title="bbox 139 1430 1197 1512; baseline 0 -18"><span class='ocrx_word' id='word_1_110' title='bbox 139 1435 245 1494; x_wconf 83' lang='lat' dir='ltr'><strong>eastris</strong></span> <span class='ocrx_word' id='word_1_111' title='bbox 271 1433 432 1502; x_wconf 82' lang='lat' dir='ltr'><strong>consulem,</strong></span> <span class='ocrx_word' id='word_1_112' title='bbox 459 1452 566 1512; x_wconf 84' lang='lat' dir='ltr'><strong>equom</strong></span> <span class='ocrx_word' id='word_1_113' title='bbox 580 1430 744 1493; x_wconf 85' lang='lat' dir='ltr'><strong>exercitum</strong></span> <span class='ocrx_word' id='word_1_114' title='bbox 759 1431 1019 1507; x_wconf 73' lang='lat' dir='ltr'><strong>inveneritisten</strong></span> <span class='ocrx_word' id='word_1_115' title='bbox 1033 1434 1136 1494; x_wconf 88' lang='lat' dir='ltr'><strong>deser·</strong></span> <span class='ocrx_word' id='word_1_116' title='bbox 1187 1439 1197 1444; x_wconf 83' lang='grc'><em>“</em></span> 
     </span>
     <span class='ocr_line' id='line_1_15' title="bbox 137 1510 1137 1593; baseline 0 -19"><span class='ocrx_word' id='word_1_117' title='bbox 137 1522 168 1574; x_wconf 81' lang='lat' dir='ltr'><strong>te</strong></span> <span class='ocrx_word' id='word_1_118' title='bbox 181 1520 290 1585; x_wconf 84' lang='lat' dir='ltr'><strong>castra,</strong></span> <span class='ocrx_word' id='word_1_119' title='bbox 301 1513 421 1576; x_wconf 82' lang='lat' dir='ltr'><strong>relictos</strong></span> <span class='ocrx_word' id='word_1_120' title='bbox 432 1510 548 1574; x_wconf 75' lang='lat' dir='ltr'><strong>saucios</strong></span> <span class='ocrx_word' id='word_1_121' title='bbox 562 1513 697 1574; x_wconf 78' lang='lat' dir='ltr'><strong>milites?</strong></span> <span class='ocrx_word' id='word_1_122' title='bbox 717 1512 796 1572; x_wconf 80' lang='lat' dir='ltr'><strong>Haec</strong></span> <span class='ocrx_word' id='word_1_123' title='bbox 808 1531 863 1593; x_wconf 89' lang='lat' dir='ltr'><strong>pro</strong></span> <span class='ocrx_word' id='word_1_124' title='bbox 875 1511 987 1572; x_wconf 79' lang='lat' dir='ltr'><strong>virtute</strong></span> <span class='ocrx_word' id='word_1_125' title='bbox 996 1519 1048 1574; x_wconf 83' lang='lat' dir='ltr'><strong>tun</strong></span> <span class='ocrx_word' id='word_1_126' title='bbox 1061 1512 1137 1575; x_wconf 85' lang='lat' dir='ltr'><strong>fide·</strong></span> 
     </span>
     <span class='ocr_line' id='line_1_16' title="bbox 139 1590 1139 1674; baseline 0 -20"><span class='ocrx_word' id='word_1_127' title='bbox 139 1613 207 1673; x_wconf 88' lang='lat' dir='ltr'><strong>que,</strong></span> <span class='ocrx_word' id='word_1_128' title='bbox 233 1600 293 1674; x_wconf 69' lang='lat' dir='ltr'><strong>que</strong></span> <span class='ocrx_word' id='word_1_129' title='bbox 306 1599 368 1654; x_wconf 69' lang='lat' dir='ltr'><strong>uni</strong></span> <span class='ocrx_word' id='word_1_130' title='bbox 387 1591 442 1654; x_wconf 89' lang='lat' dir='ltr'><strong>hoc</strong></span> <span class='ocrx_word' id='word_1_131' title='bbox 463 1593 542 1653; x_wconf 86' lang='lat' dir='ltr'><strong>bello</strong></span> <span class='ocrx_word' id='word_1_132' title='bbox 556 1591 723 1672; x_wconf 83' lang='lat' dir='ltr'><strong>respublica</strong></span> <span class='ocrx_word' id='word_1_133' title='bbox 743 1590 836 1659; x_wconf 85' lang='lat' dir='ltr'><strong>stetit,</strong></span> <span class='ocrx_word' id='word_1_134' title='bbox 856 1590 1051 1667; x_wconf 43' lang='lat' dir='ltr'><strong>dicendextibi</strong></span> <span class='ocrx_word' id='word_1_135' title='bbox 1064 1599 1139 1655; x_wconf 84' lang='lat' dir='ltr'><strong>sunt</strong></span> 
     </span>
     <span class='ocr_line' id='line_1_17' title="bbox 139 1669 1135 1751; baseline 0.001 -19"><span class='ocrx_word' id='word_1_136' title='bbox 139 1672 235 1734; x_wconf 91' lang='lat' dir='ltr'><strong>hodie.</strong></span> <span class='ocrx_word' id='word_1_137' title='bbox 276 1673 425 1751; x_wconf 84' lang='lat' dir='ltr'><strong>Denique,</strong></span> <span class='ocrx_word' id='word_1_138' title='bbox 444 1669 495 1732; x_wconf 88' lang='lat' dir='ltr'><strong>ubi</strong></span> <span class='ocrx_word' id='word_1_139' title='bbox 522 1671 558 1730; x_wconf 82' lang='grc' dir='ltr'><strong>Ο.</strong></span> <span class='ocrx_word' id='word_1_140' title='bbox 573 1670 773 1750; x_wconf 81' lang='lat' dir='ltr'><strong>Sempronius,</strong></span> <span class='ocrx_word' id='word_1_141' title='bbox 792 1671 843 1730; x_wconf 91' lang='lat' dir='ltr'><strong>ubi</strong></span> <span class='ocrx_word' id='word_1_142' title='bbox 855 1670 995 1751; x_wconf 32' lang='lat' dir='ltr'><strong>*legiones</strong></span> <span class='ocrx_word' id='word_1_143' title='bbox 1021 1679 1135 1736; x_wconf 80' lang='lat' dir='ltr'><strong>nostrae</strong></span> 
     </span>
     <span class='ocr_line' id='line_1_18' title="bbox 140 1749 1139 1832; baseline 0.001 -20"><span class='ocrx_word' id='word_1_144' title='bbox 140 1753 225 1813; x_wconf 78' lang='lat' dir='ltr'><strong>sint?</strong></span> <span class='ocrx_word' id='word_1_145' title='bbox 246 1749 382 1814; x_wconf 87' lang='lat' dir='ltr'><strong>desertus</strong></span> <span class='ocrx_word' id='word_1_146' title='bbox 396 1752 447 1821; x_wconf 85' lang='lat' dir='ltr'><strong>sis,</strong></span> <span class='ocrx_word' id='word_1_147' title='bbox 468 1769 507 1810; x_wconf 85' lang='lat' dir='ltr'><strong>an</strong></span> <span class='ocrx_word' id='word_1_148' title='bbox 526 1749 698 1810; x_wconf 85' lang='lat' dir='ltr'><strong>deserueris</strong></span> <span class='ocrx_word' id='word_1_149' title='bbox 719 1749 873 1809; x_wconf 86' lang='lat' dir='ltr'><strong>consulem</strong></span> <span class='ocrx_word' id='word_1_150' title='bbox 893 1750 1139 1832; x_wconf 67' lang='lat' dir='ltr'><strong>exercitumque?</strong></span> 
     </span>
     <span class='ocr_line' id='line_1_19' title="bbox 141 1826 1043 1910; baseline -0.009 -17"><span class='ocrx_word' id='word_1_151' title='bbox 141 1832 214 1893; x_wconf 85' lang='lat' dir='ltr'><strong>victi</strong></span> <span class='ocrx_word' id='word_1_152' title='bbox 228 1831 359 1910; x_wconf 90' lang='lat' dir='ltr'><strong>denique</strong></span> <span class='ocrx_word' id='word_1_153' title='bbox 373 1830 473 1900; x_wconf 85' lang='lat' dir='ltr'><strong>simus,</strong></span> <span class='ocrx_word' id='word_1_154' title='bbox 494 1849 533 1891; x_wconf 81' lang='lat' dir='ltr'><strong>an</strong></span> <span class='ocrx_word' id='word_1_155' title='bbox 547 1828 705 1902; x_wconf 81' lang='lat' dir='ltr'><strong>vicerimus</strong></span> <span class='ocrx_word' id='word_1_156' title='bbox 716 1826 752 1886; x_wconf 78' lang='lat'><strong>?&#39;’</strong></span> <span class='ocrx_word' id='word_1_157' title='bbox 1040 1872 1043 1877; x_wconf 78' lang='lat'><strong>,</strong></span> 
     </span>
    </p>

    <p class='ocr_par' dir='ltr' id='par_1_3' title="bbox 140 1907 1217 3912">
     <span class='ocr_line' id='line_1_20' title="bbox 180 1907 1139 1991; baseline 0.004 -21"><span class='ocrx_word' id='word_1_158' title='bbox 180 1911 264 1973; x_wconf 89' lang='lat' dir='ltr'><strong>XLI.</strong></span> <span class='ocrx_word' id='word_1_159' title='bbox 285 1907 1139 1991; x_wconf 76' lang='lat' dir='ltr'><strong>AdversushaecTempaniioratioincomptofuissedic-</strong></span> 
     </span>
     <span class='ocr_line' id='line_1_21' title="bbox 141 1988 1140 2070; baseline 0.002 -18"><span class='ocrx_word' id='word_1_160' title='bbox 141 1992 222 2063; x_wconf 80' lang='lat' dir='ltr'><strong>itur3</strong></span> <span class='ocrx_word' id='word_1_161' title='bbox 253 1992 386 2052; x_wconf 76' lang='lat' dir='ltr'><strong>ceterum</strong></span> <span class='ocrx_word' id='word_1_162' title='bbox 407 1989 575 2050; x_wconf 77' lang='lat' dir='ltr'><strong>militariter</strong></span> <span class='ocrx_word' id='word_1_163' title='bbox 594 1988 704 2070; x_wconf 81' lang='lat' dir='ltr'><strong>gravis,</strong></span> <span class='ocrx_word' id='word_1_164' title='bbox 723 2009 784 2050; x_wconf 92' lang='lat' dir='ltr'><strong>non</strong></span> <span class='ocrx_word' id='word_1_165' title='bbox 810 1991 874 2050; x_wconf 88' lang='lat' dir='ltr'><strong>suis</strong></span> <span class='ocrx_word' id='word_1_166' title='bbox 893 2009 972 2051; x_wconf 83' lang='lat' dir='ltr'><strong>vana</strong></span> <span class='ocrx_word' id='word_1_167' title='bbox 984 1993 1140 2066; x_wconf 66' lang='lat' dir='ltr'><strong>,leudibus</strong></span> 
     </span>
     <span class='ocr_line' id='line_1_22' title="bbox 140 2067 1139 2160; baseline 0.006 -30"><span class='ocrx_word' id='word_1_168' title='bbox 140 2090 204 2132; x_wconf 89' lang='lat' dir='ltr'><strong>non</strong></span> <span class='ocrx_word' id='word_1_169' title='bbox 217 2067 341 2130; x_wconf 87' lang='lat' dir='ltr'><strong>crimine</strong></span> <span class='ocrx_word' id='word_1_170' title='bbox 353 2069 450 2130; x_wconf 74' lang='lat' dir='ltr'><strong>alieno</strong></span> <span class='ocrx_word' id='word_1_171' title='bbox 462 2071 536 2130; x_wconf 84' lang='lat' dir='ltr'><strong>laete</strong></span> <span class='ocrx_word' id='word_1_172' title='bbox 549 2088 557 2126; x_wconf 77' lang='lat' dir='ltr'><strong>e</strong></span> <span class='ocrx_word' id='word_1_173' title='bbox 578 2079 595 2104; x_wconf 85' lang='lat'>“</span> <span class='ocrx_word' id='word_1_174' title='bbox 607 2069 727 2142; x_wconf 78' lang='lat' dir='ltr'><strong>Quanto</strong></span> <span class='ocrx_word' id='word_1_175' title='bbox 740 2069 900 2160; x_wconf 87' lang='lat' dir='ltr'><strong>prudentio</strong></span> <span class='ocrx_word' id='word_1_176' title='bbox 911 2070 956 2130; x_wconf 90' lang='lat' dir='ltr'><strong>rei</strong></span> <span class='ocrx_word' id='word_1_177' title='bbox 968 2072 1085 2133; x_wconf 82' lang='lat' dir='ltr'><strong>bellicae</strong></span> <span class='ocrx_word' id='word_1_178' title='bbox 1106 2073 1139 2136; x_wconf 87' lang='lat' dir='ltr'><strong>in</strong></span> 
     </span>
     <span class='ocr_line' id='line_1_23' title="bbox 141 2147 1138 2230; baseline 0.004 -20"><span class='ocrx_word' id='word_1_179' title='bbox 141 2150 179 2210; x_wconf 85' lang='lat' dir='ltr'><strong>C.</strong></span> <span class='ocrx_word' id='word_1_180' title='bbox 195 2147 368 2230; x_wconf 88' lang='lat' dir='ltr'><strong>Sempronio</strong></span> <span class='ocrx_word' id='word_1_181' title='bbox 382 2155 470 2218; x_wconf 86' lang='lat' dir='ltr'><strong>esset,</strong></span> <span class='ocrx_word' id='word_1_182' title='bbox 492 2167 552 2208; x_wconf 90' lang='lat' dir='ltr'><strong>non</strong></span> <span class='ocrx_word' id='word_1_183' title='bbox 565 2148 670 2209; x_wconf 83' lang='lat' dir='ltr'><strong>militis</strong></span> <span class='ocrx_word' id='word_1_184' title='bbox 683 2149 721 2208; x_wconf 90' lang='lat' dir='ltr'><strong>de</strong></span> <span class='ocrx_word' id='word_1_185' title='bbox 744 2157 921 2230; x_wconf 73' lang='lat' dir='ltr'><strong>imperatore</strong></span> <span class='ocrx_word' id='word_1_186' title='bbox 944 2151 1138 2214; x_wconf 80' lang='lat' dir='ltr'><strong>existimatio·</strong></span> 
     </span>
     <span class='ocr_line' id='line_1_24' title="bbox 141 2226 1140 2310; baseline 0.004 -19"><span class='ocrx_word' id='word_1_187' title='bbox 141 2249 215 2291; x_wconf 87' lang='lat' dir='ltr'><strong>nem</strong></span> <span class='ocrx_word' id='word_1_188' title='bbox 228 2247 304 2300; x_wconf 85' lang='lat' dir='ltr'><strong>esse,</strong></span> <span class='ocrx_word' id='word_1_189' title='bbox 312 2228 365 2289; x_wconf 88' lang='lat' dir='ltr'><strong>sed</strong></span> <span class='ocrx_word' id='word_1_190' title='bbox 378 2227 480 2310; x_wconf 92' lang='lat' dir='ltr'><strong>populi</strong></span> <span class='ocrx_word' id='word_1_191' title='bbox 490 2226 616 2288; x_wconf 87' lang='lat' dir='ltr'><strong>Romani</strong></span> <span class='ocrx_word' id='word_1_192' title='bbox 629 2227 731 2296; x_wconf 80' lang='lat' dir='ltr'><strong>fuisso,</strong></span> <span class='ocrx_word' id='word_1_193' title='bbox 744 2248 836 2307; x_wconf 88' lang='lat' dir='ltr'><strong>quum</strong></span> <span class='ocrx_word' id='word_1_194' title='bbox 847 2249 915 2291; x_wconf 90' lang='lat' dir='ltr'><strong>eum</strong></span> <span class='ocrx_word' id='word_1_195' title='bbox 926 2231 1054 2291; x_wconf 87' lang='lat' dir='ltr'><strong>comitiis</strong></span> <span class='ocrx_word' id='word_1_196' title='bbox 1068 2253 1140 2295; x_wconf 89' lang='lat' dir='ltr'><strong>con-</strong></span> 
     </span>
     <span class='ocr_line' id='line_1_25' title="bbox 143 2307 1141 2390; baseline 0.003 -19"><span class='ocrx_word' id='word_1_197' title='bbox 143 2311 243 2372; x_wconf 82' lang='lat' dir='ltr'><strong>sulem</strong></span> <span class='ocrx_word' id='word_1_198' title='bbox 256 2307 377 2390; x_wconf 84' lang='lat' dir='ltr'><strong>legeret.</strong></span> <span class='ocrx_word' id='word_1_199' title='bbox 417 2309 525 2388; x_wconf 83' lang='lat' dir='ltr'><strong>Itaque</strong></span> <span class='ocrx_word' id='word_1_200' title='bbox 544 2327 583 2370; x_wconf 86' lang='lat' dir='ltr'><strong>ne</strong></span> <span class='ocrx_word' id='word_1_201' title='bbox 607 2311 644 2370; x_wconf 84' lang='lat' dir='ltr'><strong>ab</strong></span> <span class='ocrx_word' id='word_1_202' title='bbox 665 2328 698 2368; x_wconf 90' lang='lat' dir='ltr'><strong>se</strong></span> <span class='ocrx_word' id='word_1_203' title='bbox 718 2307 907 2390; x_wconf 81' lang='lat' dir='ltr'><strong>imperatoria</strong></span> <span class='ocrx_word' id='word_1_204' title='bbox 927 2310 1061 2381; x_wconf 80' lang='lat' dir='ltr'><strong>consilio,</strong></span> <span class='ocrx_word' id='word_1_205' title='bbox 1079 2331 1141 2374; x_wconf 91' lang='lat' dir='ltr'><strong>neu</strong></span> 
     </span>
     <span class='ocr_line' id='line_1_26' title="bbox 144 2387 1142 2474; baseline 0.002 -24"><span class='ocrx_word' id='word_1_206' title='bbox 144 2389 317 2452; x_wconf 80' lang='lat' dir='ltr'><strong>consuleres</strong></span> <span class='ocrx_word' id='word_1_207' title='bbox 330 2394 411 2450; x_wconf 77' lang='lat' dir='ltr'><strong>artes</strong></span> <span class='ocrx_word' id='word_1_208' title='bbox 424 2387 623 2468; x_wconf 83' lang='lat' dir='ltr'><strong>exquirerent,</strong></span> <span class='ocrx_word' id='word_1_209' title='bbox 647 2409 713 2468; x_wconf 78' lang='lat' dir='ltr'><strong>qum</strong></span> <span class='ocrx_word' id='word_1_210' title='bbox 728 2389 907 2468; x_wconf 80' lang='lat' dir='ltr'><strong>pensitanda</strong></span> <span class='ocrx_word' id='word_1_211' title='bbox 927 2409 1046 2470; x_wconf 91' lang='lat' dir='ltr'><strong>quoque</strong></span> <span class='ocrx_word' id='word_1_212' title='bbox 1058 2403 1142 2474; x_wconf 79' lang='lat' dir='ltr'><strong>nung-</strong></span> 
     </span>
     <span class='ocr_line' id='line_1_27' title="bbox 145 2467 1142 2548; baseline 0.003 -17"><span class='ocrx_word' id='word_1_213' title='bbox 145 2470 194 2531; x_wconf 86' lang='lat' dir='ltr'><strong>nis</strong></span> <span class='ocrx_word' id='word_1_214' title='bbox 208 2467 314 2530; x_wconf 81' lang='lat' dir='ltr'><strong>animis</strong></span> <span class='ocrx_word' id='word_1_215' title='bbox 327 2475 418 2548; x_wconf 81' lang='lat' dir='ltr'><strong>etque</strong></span> <span class='ocrx_word' id='word_1_216' title='bbox 439 2467 566 2548; x_wconf 84' lang='lat' dir='ltr'><strong>ingeniis</strong></span> <span class='ocrx_word' id='word_1_217' title='bbox 580 2474 701 2538; x_wconf 79' lang='lat' dir='ltr'><strong>ossent3</strong></span> <span class='ocrx_word' id='word_1_218' title='bbox 721 2469 784 2538; x_wconf 92' lang='lat' dir='ltr'><strong>sed,</strong></span> <span class='ocrx_word' id='word_1_219' title='bbox 819 2469 878 2530; x_wconf 88' lang='lat' dir='ltr'><strong>uod</strong></span> <span class='ocrx_word' id='word_1_220' title='bbox 891 2469 1010 2540; x_wconf 78' lang='lat' dir='ltr'><strong>viderit,</strong></span> <span class='ocrx_word' id='word_1_221' title='bbox 1030 2472 1142 2547; x_wconf 84' lang='lat' dir='ltr'><strong>referre</strong></span> 
     </span>
     <span class='ocr_line' id='line_1_28' title="bbox 145 2547 1141 2640; baseline 0.004 -30"><span class='ocrx_word' id='word_1_222' title='bbox 145 2569 243 2632; x_wconf 87' lang='lat' dir='ltr'><strong>posse.</strong></span> <span class='ocrx_word' id='word_1_223' title='bbox 283 2547 406 2607; x_wconf 85' lang='lat' dir='ltr'><strong>Vidisse</strong></span> <span class='ocrx_word' id='word_1_224' title='bbox 419 2555 519 2610; x_wconf 83' lang='lat' dir='ltr'><strong>eutem</strong></span> <span class='ocrx_word' id='word_1_225' title='bbox 532 2567 566 2607; x_wconf 89' lang='lat' dir='ltr'><strong>so</strong></span> <span class='ocrx_word' id='word_1_226' title='bbox 579 2547 672 2640; x_wconf 80' lang='lat' dir='ltr'><strong>prius,</strong></span> <span class='ocrx_word' id='word_1_227' title='bbox 686 2549 777 2626; x_wconf 68' lang='lat' dir='ltr'><strong>quem</strong></span> <span class='ocrx_word' id='word_1_228' title='bbox 791 2568 809 2608; x_wconf 81' lang='lat' dir='ltr'>a</span> <span class='ocrx_word' id='word_1_229' title='bbox 836 2548 905 2610; x_wconf 29' lang='lat' dir='ltr'><strong>,acie</strong></span> <span class='ocrx_word' id='word_1_230' title='bbox 925 2549 1141 2614; x_wconf 86' lang='lat' dir='ltr'><strong>intercludere·</strong></span> 
     </span>
     <span class='ocr_line' id='line_1_29' title="bbox 145 2625 1143 2708; baseline 0.007 -19"><span class='ocrx_word' id='word_1_231' title='bbox 145 2635 205 2699; x_wconf 90' lang='lat' dir='ltr'><strong>tur,</strong></span> <span class='ocrx_word' id='word_1_232' title='bbox 225 2628 379 2688; x_wconf 87' lang='lat' dir='ltr'><strong>consulem</strong></span> <span class='ocrx_word' id='word_1_233' title='bbox 393 2627 424 2698; x_wconf 90' lang='lat' dir='ltr'><strong>in</strong></span> <span class='ocrx_word' id='word_1_234' title='bbox 438 2625 533 2708; x_wconf 86' lang='lat' dir='ltr'><strong>primo</strong></span> <span class='ocrx_word' id='word_1_235' title='bbox 546 2643 610 2689; x_wconf 80' lang='lat' dir='ltr'><strong>acue</strong></span> <span class='ocrx_word' id='word_1_236' title='bbox 622 2628 1051 2707; x_wconf 76' lang='lat' dir='ltr'><strong>pugnantem-odhortuntem,</strong></span> <span class='ocrx_word' id='word_1_237' title='bbox 1064 2631 1143 2696; x_wconf 90' lang='lat' dir='ltr'><strong>inter</strong></span> 
     </span>
     <span class='ocr_line' id='line_1_30' title="bbox 144 2707 1168 2792; baseline 0.003 -23"><span class='ocrx_word' id='word_1_238' title='bbox 144 2710 231 2792; x_wconf 82' lang='lat' dir='ltr'><strong>signe</strong></span> <span class='ocrx_word' id='word_1_239' title='bbox 244 2707 840 2788; x_wconf 74' lang='lat' dir='ltr'><strong>Romen-ateioquehostiumversanteme</strong></span> <span class='ocrx_word' id='word_1_240' title='bbox 859 2716 963 2789; x_wconf 82' lang='lat' dir='ltr'><strong>posteo</strong></span> <span class='ocrx_word' id='word_1_241' title='bbox 974 2729 1015 2780; x_wconf 88' lang='lat' dir='ltr'><strong>se,</strong></span> <span class='ocrx_word' id='word_1_242' title='bbox 1026 2713 1143 2772; x_wconf 82' lang='lat' dir='ltr'><strong>obcen-</strong></span> <span class='ocrx_word' id='word_1_243' title='bbox 1165 2757 1168 2763; x_wconf 74' lang='grc'>.</span> 
     </span>
     <span class='ocr_line' id='line_1_31' title="bbox 148 2786 1217 2882; baseline 0.003 -33"><span class='ocrx_word' id='word_1_244' title='bbox 148 2795 254 2882; x_wconf 84' lang='lat' dir='ltr'><strong>spectu</strong></span> <span class='ocrx_word' id='word_1_245' title='bbox 265 2807 386 2849; x_wconf 89' lang='lat' dir='ltr'><strong>suorum</strong></span> <span class='ocrx_word' id='word_1_246' title='bbox 399 2787 539 2856; x_wconf 76' lang='lat' dir='ltr'><strong>ablutum,</strong></span> <span class='ocrx_word' id='word_1_247' title='bbox 553 2805 590 2847; x_wconf 83' lang='lat' dir='ltr'><strong>ex</strong></span> <span class='ocrx_word' id='word_1_248' title='bbox 606 2786 733 2867; x_wconf 87' lang='lat' dir='ltr'><strong>strepitu</strong></span> <span class='ocrx_word' id='word_1_249' title='bbox 757 2793 857 2847; x_wconf 62' lang='lat' dir='ltr'><strong>umen</strong></span> <span class='ocrx_word' id='word_1_250' title='bbox 871 2795 902 2848; x_wconf 90' lang='lat' dir='ltr'><strong>et</strong></span> <span class='ocrx_word' id='word_1_251' title='bbox 925 2791 1054 2851; x_wconf 80' lang='lat' dir='ltr'><strong>clamore</strong></span> <span class='ocrx_word' id='word_1_252' title='bbox 1075 2810 1143 2852; x_wconf 86' lang='lat' dir='ltr'><strong>sen·</strong></span> <span class='ocrx_word' id='word_1_253' title='bbox 1216 2836 1217 2839; x_wconf 62' lang='lat'><strong>,</strong></span> 
     </span>
     <span class='ocr_line' id='line_1_32' title="bbox 146 2865 1217 2943; baseline 0.004 -15"><span class='ocrx_word' id='word_1_254' title='bbox 146 2889 235 2937; x_wconf 75' lang='lat' dir='ltr'><strong>sisse,</strong></span> <span class='ocrx_word' id='word_1_255' title='bbox 247 2865 393 2943; x_wconf 80' lang='lat' dir='ltr'><strong>usquead</strong></span> <span class='ocrx_word' id='word_1_256' title='bbox 415 2872 539 2929; x_wconf 78' lang='lat' dir='ltr'><strong>noctem</strong></span> <span class='ocrx_word' id='word_1_257' title='bbox 552 2871 721 2926; x_wconf 82' lang='lat' dir='ltr'><strong>extructum</strong></span> <span class='ocrx_word' id='word_1_258' title='bbox 735 2872 904 2926; x_wconf 71' lang='lat' dir='ltr'><strong>ceetomone</strong></span> <span class='ocrx_word' id='word_1_259' title='bbox 923 2887 981 2928; x_wconf 88' lang='lat' dir='ltr'><strong>nec</strong></span> <span class='ocrx_word' id='word_1_260' title='bbox 992 2869 1030 2928; x_wconf 84' lang='lat' dir='ltr'><strong>ed</strong></span> <span class='ocrx_word' id='word_1_261' title='bbox 1043 2877 1145 2932; x_wconf 89' lang='lat' dir='ltr'><strong>tumu·</strong></span> <span class='ocrx_word' id='word_1_262' title='bbox 1216 2876 1217 2879; x_wconf 73' lang='grc'>’</span> 
     </span>
     <span class='ocr_line' id='line_1_33' title="bbox 146 2943 1146 3024; baseline 0.004 -15"><span class='ocrx_word' id='word_1_263' title='bbox 146 2949 223 3015; x_wconf 83' lang='lat' dir='ltr'><strong>lum,</strong></span> <span class='ocrx_word' id='word_1_264' title='bbox 236 2963 326 3024; x_wconf 89' lang='lat' dir='ltr'><strong>quem</strong></span> <span class='ocrx_word' id='word_1_265' title='bbox 339 2943 405 3024; x_wconf 88' lang='lat' dir='ltr'><strong>ipse</strong></span> <span class='ocrx_word' id='word_1_266' title='bbox 417 2949 564 3012; x_wconf 84' lang='lat' dir='ltr'><strong>tenuerat,</strong></span> <span class='ocrx_word' id='word_1_267' title='bbox 577 2962 640 3022; x_wconf 79' lang='lat' dir='ltr'><strong>prm</strong></span> <span class='ocrx_word' id='word_1_268' title='bbox 652 2944 847 3004; x_wconf 84' lang='lat' dir='ltr'><strong>multitudine</strong></span> <span class='ocrx_word' id='word_1_269' title='bbox 870 2945 998 3006; x_wconf 87' lang='lat' dir='ltr'><strong>hostium</strong></span> <span class='ocrx_word' id='word_1_270' title='bbox 1021 2950 1146 3014; x_wconf 86' lang='lat' dir='ltr'><strong>credere</strong></span> 
     </span>
     <span class='ocr_line' id='line_1_34' title="bbox 147 3020 1217 3109; baseline 0.002 -22"><span class='ocrx_word' id='word_1_271' title='bbox 147 3023 302 3109; x_wconf 88' lang='lat' dir='ltr'><strong>perrumpi</strong></span> <span class='ocrx_word' id='word_1_272' title='bbox 322 3020 463 3103; x_wconf 85' lang='lat' dir='ltr'><strong>potuisse.</strong></span> <span class='ocrx_word' id='word_1_273' title='bbox 503 3021 663 3082; x_wconf 76' lang='lat' dir='ltr'><strong>Exercitus</strong></span> <span class='ocrx_word' id='word_1_274' title='bbox 687 3021 738 3082; x_wconf 90' lang='lat' dir='ltr'><strong>ubi</strong></span> <span class='ocrx_word' id='word_1_275' title='bbox 750 3030 838 3092; x_wconf 86' lang='lat' dir='ltr'><strong>esset,</strong></span> <span class='ocrx_word' id='word_1_276' title='bbox 859 3043 893 3083; x_wconf 89' lang='lat' dir='ltr'><strong>se</strong></span> <span class='ocrx_word' id='word_1_277' title='bbox 912 3026 1048 3086; x_wconf 83' lang='lat' dir='ltr'><strong>nescire:</strong></span> <span class='ocrx_word' id='word_1_278' title='bbox 1067 3030 1148 3089; x_wconf 81' lang='lat' dir='ltr'><strong>arbi·</strong></span> <span class='ocrx_word' id='word_1_279' title='bbox 1216 3028 1217 3047; x_wconf 23' lang='lat' dir='ltr'><strong>i</strong></span> 
     </span>
     <span class='ocr_line' id='line_1_35' title="bbox 147 3099 1217 3184; baseline 0.001 -16"><span class='ocrx_word' id='word_1_280' title='bbox 147 3105 233 3174; x_wconf 78' lang='lat' dir='ltr'><strong>traci,</strong></span> <span class='ocrx_word' id='word_1_281' title='bbox 253 3103 337 3164; x_wconf 87' lang='lat' dir='ltr'><strong>velut</strong></span> <span class='ocrx_word' id='word_1_282' title='bbox 349 3103 414 3182; x_wconf 89' lang='lat' dir='ltr'><strong>ipse</strong></span> <span class='ocrx_word' id='word_1_283' title='bbox 426 3101 457 3160; x_wconf 86' lang='lat' dir='ltr'><strong>in</strong></span> <span class='ocrx_word' id='word_1_284' title='bbox 471 3121 504 3162; x_wconf 90' lang='lat' dir='ltr'><strong>re</strong></span> <span class='ocrx_word' id='word_1_285' title='bbox 515 3100 632 3182; x_wconf 83' lang='lat' dir='ltr'><strong>trepido</strong></span> <span class='ocrx_word' id='word_1_286' title='bbox 644 3099 705 3160; x_wconf 90' lang='lat' dir='ltr'><strong>loci</strong></span> <span class='ocrx_word' id='word_1_287' title='bbox 715 3101 855 3180; x_wconf 84' lang='lat' dir='ltr'><strong>praesidio</strong></span> <span class='ocrx_word' id='word_1_288' title='bbox 865 3122 897 3163; x_wconf 81' lang='lat' dir='ltr'><strong>ee</strong></span> <span class='ocrx_word' id='word_1_289' title='bbox 907 3118 1036 3184; x_wconf 86' lang='lat' dir='ltr'><strong>suosque</strong></span> <span class='ocrx_word' id='word_1_290' title='bbox 1047 3107 1088 3168; x_wconf 90' lang='lat' dir='ltr'><strong>sit</strong></span> <span class='ocrx_word' id='word_1_291' title='bbox 1096 3115 1146 3169; x_wconf 90' lang='lat' dir='ltr'><strong>tu·</strong></span> <span class='ocrx_word' id='word_1_292' title='bbox 1216 3132 1217 3135; x_wconf 43' lang='lat'>¹</span> 
     </span>
     <span class='ocr_line' id='line_1_36' title="bbox 148 3179 1148 3253; baseline 0.002 -5"><span class='ocrx_word' id='word_1_293' title='bbox 148 3191 244 3253; x_wconf 76' lang='lat' dir='ltr'><strong>tatus,</strong></span> <span class='ocrx_word' id='word_1_294' title='bbox 261 3183 307 3243; x_wconf 90' lang='lat' dir='ltr'><strong>sic</strong></span> <span class='ocrx_word' id='word_1_295' title='bbox 327 3181 480 3244; x_wconf 88' lang='lat' dir='ltr'><strong>consulem</strong></span> <span class='ocrx_word' id='word_1_296' title='bbox 501 3179 639 3242; x_wconf 81' lang='lat' dir='ltr'><strong>servandi</strong></span> <span class='ocrx_word' id='word_1_297' title='bbox 660 3179 810 3242; x_wconf 79' lang='lat' dir='ltr'><strong>exercitus</strong></span> <span class='ocrx_word' id='word_1_298' title='bbox 830 3190 932 3253; x_wconf 72' lang='lat' dir='ltr'><strong>ceusu,</strong></span> <span class='ocrx_word' id='word_1_299' title='bbox 950 3184 1019 3244; x_wconf 84' lang='lat' dir='ltr'><strong>loca</strong></span> <span class='ocrx_word' id='word_1_300' title='bbox 1037 3187 1148 3250; x_wconf 73' lang='lat' dir='ltr'><strong>tutiore</strong></span> 
     </span>
     <span class='ocr_line' id='line_1_37' title="bbox 151 3260 1150 3342; baseline 0.002 -16"><span class='ocrx_word' id='word_1_301' title='bbox 151 3261 262 3326; x_wconf 77' lang='lat' dir='ltr'><strong>cestris</strong></span> <span class='ocrx_word' id='word_1_302' title='bbox 276 3261 403 3342; x_wconf 64' lang='lat' dir='ltr'><strong>cepisse.</strong></span> <span class='ocrx_word' id='word_1_303' title='bbox 439 3262 507 3322; x_wconf 88' lang='lat' dir='ltr'><strong>Nec</strong></span> <span class='ocrx_word' id='word_1_304' title='bbox 520 3260 697 3322; x_wconf 82' lang='lat' dir='ltr'><strong>Volscorum</strong></span> <span class='ocrx_word' id='word_1_305' title='bbox 715 3261 852 3322; x_wconf 83' lang='lat' dir='ltr'><strong>meliores</strong></span> <span class='ocrx_word' id='word_1_306' title='bbox 867 3283 915 3326; x_wconf 87' lang='lat' dir='ltr'><strong>res</strong></span> <span class='ocrx_word' id='word_1_307' title='bbox 937 3283 1001 3324; x_wconf 85' lang='lat' dir='ltr'><strong>esse</strong></span> <span class='ocrx_word' id='word_1_308' title='bbox 1014 3268 1150 3340; x_wconf 86' lang='lat' dir='ltr'><strong>credere,</strong></span> 
     </span>
     <span class='ocr_line' id='line_1_38' title="bbox 152 3341 1149 3434; baseline 0.007 -31"><span class='ocrx_word' id='word_1_309' title='bbox 152 3344 247 3424; x_wconf 69' lang='lat' dir='ltr'><strong>quem</strong></span> <span class='ocrx_word' id='word_1_310' title='bbox 266 3342 368 3434; x_wconf 81' lang='lat' dir='ltr'><strong>populi</strong></span> <span class='ocrx_word' id='word_1_311' title='bbox 380 3341 516 3403; x_wconf 76' lang='lat' dir='ltr'><strong>Romani.</strong></span> <span class='ocrx_word' id='word_1_312' title='bbox 556 3341 720 3402; x_wconf 72' lang='lat' dir='ltr'><strong>Fortunam</strong></span> <span class='ocrx_word' id='word_1_313' title='bbox 732 3347 909 3422; x_wconf 85' lang='lat' dir='ltr'><strong>noctemque</strong></span> <span class='ocrx_word' id='word_1_314' title='bbox 930 3345 1028 3404; x_wconf 83' lang='lat' dir='ltr'><strong>omnia</strong></span> <span class='ocrx_word' id='word_1_315' title='bbox 1040 3349 1149 3410; x_wconf 82' lang='lat' dir='ltr'><strong>erroris</strong></span> 
     </span>
     <span class='ocr_line' id='line_1_39' title="bbox 151 3420 1165 3502; baseline 0.002 -18"><span class='ocrx_word' id='word_1_316' title='bbox 151 3420 251 3484; x_wconf 89' lang='lat' dir='ltr'><strong>mutui</strong></span> <span class='ocrx_word' id='word_1_317' title='bbox 270 3422 450 3502; x_wconf 71' lang='lat' dir='ltr'><strong>implesse;’&#39;</strong></span> <span class='ocrx_word' id='word_1_318' title='bbox 464 3427 703 3500; x_wconf 43' lang='lat' dir='ltr'><strong>‚precantemque</strong></span> <span class='ocrx_word' id='word_1_319' title='bbox 721 3420 840 3491; x_wconf 89' lang='lat' dir='ltr'><strong>deinde,</strong></span> <span class='ocrx_word' id='word_1_320' title='bbox 860 3442 899 3482; x_wconf 89' lang='lat' dir='ltr'><strong>ne</strong></span> <span class='ocrx_word' id='word_1_321' title='bbox 919 3440 953 3483; x_wconf 89' lang='lat' dir='ltr'><strong>se</strong></span> <span class='ocrx_word' id='word_1_322' title='bbox 970 3425 1083 3485; x_wconf 82' lang='lat' dir='ltr'><strong>fessum</strong></span> <span class='ocrx_word' id='word_1_323' title='bbox 1102 3425 1165 3488; x_wconf 75' lang='lat' dir='ltr'><strong>lo·¹</strong></span> 
     </span>
     <span class='ocr_line' id='line_1_40' title="bbox 151 3496 1149 3586; baseline 0.004 -22"><span class='ocrx_word' id='word_1_324' title='bbox 151 3507 225 3564; x_wconf 88' lang='lat' dir='ltr'><strong>bore</strong></span> <span class='ocrx_word' id='word_1_325' title='bbox 239 3521 275 3564; x_wconf 82' lang='lat' dir='ltr'><strong>oc</strong></span> <span class='ocrx_word' id='word_1_326' title='bbox 288 3501 459 3561; x_wconf 87' lang='lat' dir='ltr'><strong>vulneribus</strong></span> <span class='ocrx_word' id='word_1_327' title='bbox 474 3506 621 3572; x_wconf 87' lang='lat' dir='ltr'><strong>tenerent,</strong></span> <span class='ocrx_word' id='word_1_328' title='bbox 635 3512 705 3561; x_wconf 84' lang='lat' dir='ltr'><strong>cum</strong></span> <span class='ocrx_word' id='word_1_329' title='bbox 714 3500 830 3582; x_wconf 80' lang='lat' dir='ltr'><strong>ingenti</strong></span> <span class='ocrx_word' id='word_1_330' title='bbox 844 3503 940 3573; x_wconf 80' lang='lat' dir='ltr'><strong>laude,</strong></span> <span class='ocrx_word' id='word_1_331' title='bbox 953 3523 1013 3586; x_wconf 82' lang='lat' dir='ltr'><strong>pon</strong></span> <span class='ocrx_word' id='word_1_332' title='bbox 1027 3496 1149 3568; x_wconf 75' lang='lat' dir='ltr'><strong>uirtutis</strong></span> 
     </span>
     <span class='ocr_line' id='line_1_41' title="bbox 154 3577 1149 3665; baseline 0.002 -21"><span class='ocrx_word' id='word_1_333' title='bbox 154 3581 259 3664; x_wconf 80' lang='lat' dir='ltr'><strong>magis,</strong></span> <span class='ocrx_word' id='word_1_334' title='bbox 286 3581 376 3660; x_wconf 68' lang='lat' dir='ltr'><strong>quem</strong></span> <span class='ocrx_word' id='word_1_335' title='bbox 389 3579 608 3649; x_wconf 81' lang='lat' dir='ltr'><strong>moderationis,</strong></span> <span class='ocrx_word' id='word_1_336' title='bbox 628 3577 794 3651; x_wconf 78' lang='lat' dir='ltr'><strong>dimissum.</strong></span> <span class='ocrx_word' id='word_1_337' title='bbox 833 3581 932 3656; x_wconf 88' lang='lat' dir='ltr'><strong>Quum</strong></span> <span class='ocrx_word' id='word_1_338' title='bbox 943 3579 1011 3644; x_wconf 82' lang='lat' dir='ltr'><strong>haec</strong></span> <span class='ocrx_word' id='word_1_339' title='bbox 1025 3604 1149 3665; x_wconf 80' lang='lat' dir='ltr'><strong>ageren-</strong></span> 
     </span>
     <span class='ocr_line' id='line_1_42' title="bbox 153 3658 1150 3743; baseline 0.004 -21"><span class='ocrx_word' id='word_1_340' title='bbox 153 3668 214 3733; x_wconf 87' lang='lat' dir='ltr'><strong>tur,</strong></span> <span class='ocrx_word' id='word_1_341' title='bbox 222 3663 286 3743; x_wconf 82' lang='lat' dir='ltr'><strong>jem</strong></span> <span class='ocrx_word' id='word_1_342' title='bbox 300 3660 463 3722; x_wconf 73' lang='lat' dir='ltr'><strong>consuluit</strong></span> <span class='ocrx_word' id='word_1_343' title='bbox 477 3659 629 3720; x_wconf 73' lang='lat' dir='ltr'><strong>naucum</strong></span> <span class='ocrx_word' id='word_1_344' title='bbox 640 3658 679 3720; x_wconf 83' lang='lat' dir='ltr'><strong>ad</strong></span> <span class='ocrx_word' id='word_1_345' title='bbox 691 3659 795 3719; x_wconf 81' lang='lat' dir='ltr'><strong>funum</strong></span> <span class='ocrx_word' id='word_1_346' title='bbox 806 3660 921 3734; x_wconf 86' lang='lat' dir='ltr'><strong>Quietis</strong></span> <span class='ocrx_word' id='word_1_347' title='bbox 929 3668 1013 3733; x_wconf 78' lang='lat' dir='ltr'><strong>erut3</strong></span> <span class='ocrx_word' id='word_1_348' title='bbox 1033 3665 1150 3727; x_wconf 70' lang='lat' dir='ltr'><strong>semis·</strong></span> 
     </span>
     <span class='ocr_line' id='line_1_43' title="bbox 153 3739 1147 3822; baseline 0.002 -20"><span class='ocrx_word' id='word_1_349' title='bbox 153 3761 189 3802; x_wconf 82' lang='lat' dir='ltr'><strong>so</strong></span> <span class='ocrx_word' id='word_1_350' title='bbox 207 3743 341 3822; x_wconf 78' lang='lat' dir='ltr'><strong>plaustro</strong></span> <span class='ocrx_word' id='word_1_351' title='bbox 362 3741 559 3820; x_wconf 83' lang='lat' dir='ltr'><strong>jumentoque</strong></span> <span class='ocrx_word' id='word_1_352' title='bbox 578 3739 637 3800; x_wconf 83' lang='lat' dir='ltr'><strong>otiu</strong></span> <span class='ocrx_word' id='word_1_353' title='bbox 656 3741 694 3800; x_wconf 81' lang='lat' dir='ltr'><strong>ab</strong></span> <span class='ocrx_word' id='word_1_354' title='bbox 719 3741 793 3800; x_wconf 87' lang='lat' dir='ltr'><strong>urbe</strong></span> <span class='ocrx_word' id='word_1_355' title='bbox 812 3740 985 3810; x_wconf 76' lang='lat' dir='ltr'><strong>exercitum,</strong></span> <span class='ocrx_word' id='word_1_356' title='bbox 1006 3743 1147 3813; x_wconf 77' lang='lat' dir='ltr'><strong>effectum</strong></span> 
     </span>
     <span class='ocr_line' id='line_1_44' title="bbox 156 3819 1151 3912; baseline 0.005 -33"><span class='ocrx_word' id='word_1_357' title='bbox 156 3821 265 3912; x_wconf 85' lang='lat' dir='ltr'><strong>proelio</strong></span> <span class='ocrx_word' id='word_1_358' title='bbox 278 3840 314 3882; x_wconf 84' lang='lat' dir='ltr'><strong>oc</strong></span> <span class='ocrx_word' id='word_1_359' title='bbox 328 3819 379 3880; x_wconf 72' lang='lat' dir='ltr'><strong>vit</strong></span> <span class='ocrx_word' id='word_1_360' title='bbox 391 3825 547 3890; x_wconf 70' lang='lat' dir='ltr'><strong>nocturni,</strong></span> <span class='ocrx_word' id='word_1_361' title='bbox 561 3838 716 3911; x_wconf 75' lang='lat' dir='ltr'><strong>excepere.</strong></span> <span class='ocrx_word' id='word_1_362' title='bbox 755 3821 850 3880; x_wconf 80' lang='lat' dir='ltr'><strong>Pould</strong></span> <span class='ocrx_word' id='word_1_363' title='bbox 863 3825 932 3900; x_wconf 88' lang='lat' dir='ltr'><strong>post</strong></span> <span class='ocrx_word' id='word_1_364' title='bbox 944 3820 975 3881; x_wconf 87' lang='lat' dir='ltr'><strong>in</strong></span> <span class='ocrx_word' id='word_1_365' title='bbox 990 3825 1092 3885; x_wconf 89' lang='lat' dir='ltr'><strong>urbem</strong></span> <span class='ocrx_word' id='word_1_366' title='bbox 1102 3832 1151 3888; x_wconf 88' lang='lat' dir='ltr'><strong>est</strong></span> 
     </span>
    </p>
   </div>
   <div class='ocr_carea' id='block_1_3' title="bbox 113 3899 1152 3986">
    <p class='ocr_par' dir='ltr' id='par_1_4' title="bbox 113 3899 1152 3986">
     <span class='ocr_line' id='line_1_45' title="bbox 113 3899 1152 3986; baseline 0.036 -52"><span class='ocrx_word' id='word_1_367' title='bbox 113 3907 121 3934; x_wconf 57' lang='lat' dir='ltr'><em>f</em></span> <span class='ocrx_word' id='word_1_368' title='bbox 155 3917 307 3982; x_wconf 54' lang='lat' dir='ltr'><strong>„gressus</strong></span> <span class='ocrx_word' id='word_1_369' title='bbox 327 3900 441 3972; x_wconf 71' lang='lat' dir='ltr'><strong>consul,</strong></span> <span class='ocrx_word' id='word_1_370' title='bbox 461 3919 521 3962; x_wconf 77' lang='lat' dir='ltr'><strong>eon</strong></span> <span class='ocrx_word' id='word_1_371' title='bbox 540 3901 577 3962; x_wconf 86' lang='lat' dir='ltr'><strong>ob</strong></span> <span class='ocrx_word' id='word_1_372' title='bbox 591 3919 624 3962; x_wconf 78' lang='lat' dir='ltr'><strong>so</strong></span> <span class='ocrx_word' id='word_1_373' title='bbox 636 3917 731 3982; x_wconf 74' lang='lat' dir='ltr'><strong>magos</strong></span> <span class='ocrx_word' id='word_1_374' title='bbox 756 3899 843 3960; x_wconf 76' lang='lat' dir='ltr'><strong>enixe</strong></span> <span class='ocrx_word' id='word_1_375' title='bbox 862 3920 1002 3964; x_wconf 74' lang='lat' dir='ltr'><strong>amouens</strong></span> <span class='ocrx_word' id='word_1_376' title='bbox 1022 3905 1152 3986; x_wconf 76' lang='lat' dir='ltr'><strong>culpem,</strong></span> 
     </span>
    </p>
   </div>
   <div class='ocr_carea' id='block_1_4' title="bbox 0 0 1334 4392">
    <p class='ocr_par' dir='ltr' id='par_1_5' title="bbox 0 0 1334 4392">
     <span class='ocr_line' id='line_1_46' title="bbox 0 0 1334 4392; baseline 0 0"><span class='ocrx_word' id='word_1_377' title='bbox 0 0 1334 4392; x_wconf 95' lang='lat' dir='ltr'><strong> </strong></span> 
     </span>
    </p>
   </div>
  </div>
 </body>
</html>
