2634 4392
96 385 98 479 l

530 285 735 357 nicrum.
802 378 805 383 1
1041 352 1042 355 ¹
1080 277 1146 359 mr
1217 148 1222 363 l

141 472 173 517 se
188 471 277 535 aeque
290 454 453 516 certamine
466 454 696 531 committentes,
723 455 830 515 naturt
843 452 904 514 loci
916 473 952 515 ac
965 452 1056 525 villo,
1078 464 1138 517 non

139 534 250 595 uirtute
271 540 323 595 aut
336 534 436 605 armis,
462 537 645 595 tutabantur.
687 534 789 615 Majus
803 532 948 615 flagitium
971 533 1004 595 lu
1018 534 1139 616 Algido,

139 617 233 697 major
253 614 344 676 etium
359 615 461 676 clades
480 623 623 696 eccepto:
644 622 743 677 castra
764 633 883 696 quoque
903 612 1012 675 amisse
1032 620 1138 685 eruntz

139 702 306 774 exutusque
332 695 469 756 omnibus
495 694 672 756 utensilibus
692 694 787 764 miles,
824 694 989 753 ‘l'usculum
1010 714 1051 764 se,
1077 691 1139 755 fide

138 773 400 854 misericordiaque
413 774 549 837 uicturus
561 772 721 855 hospitum,
742 774 822 856 (quae
836 770 937 834 temen
949 790 1011 834 non
1023 773 1140 835 fefelle-

137 856 216 937 runt)
230 856 408 915 contulerat.
449 855 574 915 Romam
588 855 765 917 tunti‘ersnt
778 862 907 915 terrores
921 853 1015 924 allati,
1028 860 1072 924 ut,
1107 875 1138 915 o·

139 933 192 993 sito
200 937 268 1015 jam
281 932 474 997 decemvirali
492 934 570 1005 odio,
593 934 700 995 Patres
721 930 837 1015 vigilias
850 934 882 993 in
895 936 968 993 urbe
987 876 1139 995 habendas

139 1023 316 1077 censerent:
336 1034 449 1085 omues,
462 1015 515 1093 qui
528 1019 583 1095 p'er
597 1021 719 1076 aetotcm
733 1030 815 1075 ormo
824 1013 902 1074 ferre
916 1020 1049 1093 possent,
1069 1018 1139 1074 cus·
1221 1028 1222 1077 l

137 1093 232 1156 todire
246 1095 368 1164 moenia,
391 1115 427 1155 nc
440 1114 494 1175 pro
508 1093 601 1175 portis
609 1093 758 1156 ‘stationes
778 1112 866 1175 egere
873 1094 1035 1174 juberent:
1057 1112 1138 1155 arms

137 1172 304 1235 Tusculum
328 1176 366 1235 ad
388 1173 629 1255 supplementum
644 1174 856 1243 decernerent,
882 1172 1137 1253 decemvirosque,
1221 1210 1222 1247 p

135 1255 253 1316 eboreo
264 1254 391 1315 Tusculi
405 1254 570 1336 degressos,
580 1254 613 1313 in
627 1252 734 1315 coenis
750 1253 873 1313 militem
889 1252 1015 1331 haberer
1037 1258 1137 1315 castre
1221 1258 1222 1329 ζ

136 1334 192 1393 elio
208 1336 229 1394 ὅ
240 1334 364 1395 Fidenis
376 1334 415 1407 ‚in
430 1334 572 1395 Sabinum
592 1352 695 1416 ugrum
710 1331 884 1407 transferri:
904 1333 1042 1412 belloque
1056 1332 1137 1393 ultro
1221 1350 1222 1441 p

134 1411 292 1473 inferendo
304 1413 449 1475 deterreri
462 1415 561 1476 hostes
576 1414 592 1474 d
606 1414 731 1475 consilio
745 1412 854 1495 urbiso
875 1413 1055 1495 pugnandae.

172 1491 294 1552 XLIII.
316 1493 366 1553 Ad
380 1493 482 1556 clades
494 1498 532 1555 ab
546 1494 677 1555 hostibus
691 1500 830 1574 acceptos
867 1514 904 1553 uo
918 1492 1047 1553 nefanda
1059 1490 1135 1553 faci·
1203 1484 1206 1493 ’
1221 1448 1222 1511 l

133 1591 204 1632 nora
218 1572 379 1632 decemviri
394 1573 464 1634 belli
477 1574 617 1653 domique
631 1574 788 1654 adjiciunt.
830 1573 866 1631 L.
880 1574 1011 1635 Siccium
1031 1572 1062 1631 in
1078 1572 1134 1633 Su·

132 1652 218 1721 binis,
231 1672 284 1733 per
294 1651 436 1714 invidiam
447 1654 678 1714 decemviralem
687 1654 870 1723 tribunorum
879 1654 1075 1713 creandorum
1086 1672 1132 1713 se·
1221 1636 1222 1677 ³

133 1732 335 1811 cessionisque
351 1733 516 1792 mentiones
533 1733 566 1790 :d
577 1732 684 1813 vulgus
700 1732 828 1797 militum
838 1732 1020 1793 sermonibus
1031 1732 1132 1789 occul·

131 1811 352 1881 deserentem,
380 1812 618 1891 prospeculatum
638 1813 678 1873 sd
700 1814 797 1873 locum
825 1810 930 1871 castris
953 1808 1132 1892 capiendum

132 1890 276 1961 mittuntr
297 1892 386 1953 datur
400 1892 550 1973 negotium
575 1892 728 1961 militibus,
751 1911 826 1971 quos
848 1890 988 1951 miserunt
1009 1890 1132 1971 expedi·
1221 1900 1222 1903 ’

131 1968 220 2031 tionis
234 1970 301 2051 ejus
315 1973 448 2040 comites,
474 1978 509 2032 ut
529 1992 597 2032 eum
610 1987 777 2053 opportuno
790 1970 886 2031 adorti
900 1972 965 2033 loco
979 1970 1129 2031 interlice-

131 2059 207 2111 rent.
253 2052 342 2112 llnud
363 2052 491 2111 inultum
505 2050 704 2121 interfecerer
726 2072 793 2111 num
816 2052 896 2111 circe
915 2057 1131 2189 repugnantem
1221 2054 1222 2057 ’

129 2130 245 2208 aliquot
257 2128 446 2193 insidiatores
459 2130 604 2198 cecidere,
630 2150 722 2208 quum
735 2131 800 2211 ipse
813 2151 846 2191 se
861 2128 980 2210 praevuli
1005 2148 1048 2199 us,
1067 2128 1132 2211 puri

130 2210 244 2269 viribus
261 2208 369 2279 animo,
382 2208 603 2268 circumventus
612 2217 769 2269 tutaretur.
810 2209 967 2271 Nunciant
988 2208 1131 2272 incastis

133 2288 234 2357 ceteri,
251 2287 476 2369 'precipitatum
499 2287 530 2347 in
543 2287 668 2352 insidias
682 2308 747 2348 esse
768 2287 898 2347 Siccium
919 2288 1035 2369 egregie
1077 2308 1129 2371 ug·

132 2378 264 2437 nuutem‚
287 2366 459 2447 militesque
471 2368 615 2446 quosdom
636 2388 704 2428 cum
719 2389 753 2428 eo
767 2364 907 2429 ‘amissos'
940 2368 1040 2429 Primb
1055 2309 1131 2431 ddcs

132 2448 343 2510 nunciantibus
363 2447 430 2507 fuit.
473 2446 609 2508 Profecto
625 2448 737 2508 deinde
761 2448 865 2515 cohors
878 2446 915 2511 ad
931 2447 1130 2529 sepeliendos,
1221 2456 1222 2485 ³

133 2527 180 2605 qui
201 2526 386 2597 ceciderant,
406 2526 642 2588 decemvirorum
661 2528 818 2609 permissu,
841 2536 998 2609 postquam
1011 2526 1130 2591 nullum

133 2608 290 2685 spoliatum
303 2608 343 2669 ibi
357 2626 475 2688 corpus,
497 2606 688 2687 Sicciumque
709 2608 741 2667 in
756 2607 851 2669 medio
866 2611 1018 2690 jacentem
1033 2629 1131 2671 arma·

96 2719 97 2722 =
132 2690 263 2768 tumque,
276 2688 412 2749 omnibus
425 2687 456 2748 in
471 2706 540 2747 eum
556 2688 648 2748 versis
662 2688 843 2769 corporibus,
857 2686 958 2749 videre
972 2710 981 2761 3
1001 2689 1131 2752 hostium

95 3963 98 3983 Ι
140 3874 338 3947 itituebentur.
378 3884 587 3996 Dequndcrat
605 3884 697 3945 filiam
713 3886 749 3945 L.
763 3883 850 3946 Icilio
869 3885 1040 3972 tribunicio,
1064 3885 1129 3949 viro

134 2782 228 2845 neque
241 2789 294 2827 cor
315 2788 350 2827 us
369 2767 475 2837 ullum,
499 2787 555 2829 nec
580 2766 706 2839 vestigia
727 2768 917 2840 abeuntium
957 2769 1071 2829 rofectd
1092 2772 1130 2831 ab

134 2846 190 2906 suis
203 2846 267 2907 inte
296 2854 395 2906 ectum
417 2854 623 2917 memorantes,
642 2842 772 2909 retulere
786 2844 903 2929 corpus.
937 2790 958 2907 l

132 3005 187 3074 but,
209 3004 428 3069 nifdecemviri
447 3004 681 3066 lunus‘militare
701 3026 729 3065 er
749 3006 869 3087 publici
882 3006 1016 3085 impensi
1031 3007 1132 3071 facero

133 3074 341 3147 mutur'tsscnt
382 3085 525 3164 Sepultus
548 3084 663 3167 ingenti
672 3084 803 3173 ,militum
825 3085 979 3156 moestitit,
999 3086 1131 3169 pessimi
1221 3104 1222 3135 ³

135 3160 365 3226 decemvirorum
380 3163 411 3223 in
426 3165 476 3235 vul
517 3164 635 3233 sfsmi,
649 3176 704 3225 est
1128 3232 1131 3239 ¹

169 3244 282 3303 XLIV.
303 3246 341 3305 Se
365 3247 445 3305 uitur
462 3246 547 3305 »aiud
563 3245 593 3304 in
607 3248 680 3305 urbe
697 3244 787 3313 nefes,
815 3247 851 3305 ab
871 3244 996 3306 libidine
1021 3253 1130 3321 ortum,

135 3318 211 3382 haud
233 3266 362 3386 mindsl

135 3419 189 3475 que
203 3404 355 3465 Lucretiae
375 3407 448 3464 urbe
467 3425 617 3486 regnoque
631 3406 812 3485 Tarquinios
826 3424 903 3485 expo
919 3416 1001 3467 erat:
1022 3414 1131 3469 utnon

137 3478 201 3541 finis
215 3483 313 3543 soldm
325 3484 405 3545 idem
420 3484 607 3554 decemviris,
631 3486 683 3564 qui
705 3484 840 3567 regibus,¹
852 3485 904 3545 sed
926 3506 1018 3547 causa
1038 3486 1131 3548 etiam

135 3560 233 3623 eudem
247 3563 362 3641 imperii
374 3564 532 3625 amittendi
546 3570 635 3625 esset
678 3566 736 3645 Ap.
748 3565 906 3625 Claudium
929 3567 973 3625 vir
994 3565 1052 3625 inis
1065 3567 1130 3648 ple-

138 3637 205 3701 beio
218 3642 402 3723 struprsndae
416 3644 508 3705 libido
528 3644 617 3724 cepit.
658 3645 747 3705 Pater
770 3644 893 3727 virginis
917 3646 954 3707 L,
1003 3644 1132 3727 irginiut

138 3713 287 3785 honestum
302 3723 435 3783 ordinem
446 3726 478 3784 in
495 3724 603 3805 Algido
617 3724 755 3794 ducebut,
776 3724 822 3785 vir
842 3726 971 3805 exempli
985 3726 1061 3787 recti
1075 3726 1130 3788 do·-

138 3797 176 3854 mi
189 3801 370 3882 militisque.
413 3804 538 3866 Perinde
560 3824 633 3863 uxor
645 3802 783 3865 instituta
796 3804 903 3872 fueret,
925 3804 1068 3885 liberique
1082 3806 1131 3871 in-

502 3964 800 4042 s„

133 2924 328 3001 plenscastra
342 2934 436 2993 erant,
454 2936 488 2985 et
503 2928 627 2986 llomm
647 2926 725 3017 t’erri¹
733 2928 868 3007 protinus
883 2849 1130 3009 Sisseiquppaqqe
1221 2902 1222 2953 3

359 3324 426 3386 oedo
440 3330 559 3393 eventu,
586 3325 676 3404 qulm
688 3326 834 3418 quod‘per
848 3333 984 3465 stuprum
998 3327 1131 3388 caedem.
1161 3324 1167 3341 '
1221 3320 1222 3367 ἶ
