2634 4392
121 277 163 338 ca
341 248 345 250 ’
404 315 422 351 „
474 356 477 361 ἱ
535 274 696 337 unrvn
754 291 756 297 ·

118 409 196 496 boos
215 431 308 516 gessi:
336 431 443 512 longos
462 437 531 512 post
550 455 598 494 me
618 434 691 495 ordo
711 439 757 496 est
776 432 854 496 idem
875 439 1042 516 petentium
1063 440 1119 502 de·
1226 409 1227 466 ἒ

120 535 184 576 cus.
237 513 365 573 Proinde
386 514 416 572 in
437 513 492 572 boc
513 513 683 584 discrimen,
709 516 736 576 si
745 517 841 595 juvat,
855 517 1065 598 nccmgeremt
1085 521 1118 581 in
1224 585 1225 592 ,

120 594 251 675 singulas
271 593 357 653 boras
383 593 481 673 capite
502 592 626 655 dimices
646 604 720 665 tno;
753 596 863 656 ferrum
884 597 1057 679 hostemque
1086 600 1119 661 iu

119 674 267 734 vestibulo
292 673 400 732 habeas
420 672 526 752 regite(
561 675 628 735 Hoc
649 673 701 736 tibi
717 678 863 756 juventus
884 678 1019 740 Romana
1038 680 1119 742 indi·

118 755 214 814 cimus
234 755 354 815 bellum.
414 753 539 814 Nullam
570 755 675 826 aciem,
691 757 819 826 nullum,
839 777 876 837 pr
886 758 979 816 ulium
1009 760 1119 821 timue·

119 834 170 894 ris.
212 835 273 894 Uni
293 833 357 902 tibi,
370 840 401 892 et
427 852 496 892 cum
522 834 656 916 siugulis,
676 857 725 896 res
746 838 834 898 eritd’
875 834 972 911 Quum
993 859 1056 908 rex,
1079 839 1121 902 si·
1224 891 1225 894 ,

118 915 181 974 mul
203 914 246 974 irc
281 913 426 983 infensus,
454 914 647 996 periculoque
668 918 856 987 conterritus,
877 919 1053 978 circumdari
1074 920 1122 1004 ig-

118 1013 174 1056 nes
196 994 424 1085 minitabundus
432 996 561 1075 juberet,
578 994 652 1058 ¹nisi
686 1003 871 1078 expromeret
883 1000 1023 1080 propert,
1042 1020 1121 1078 quas

118 1074 294 1136 insidiarum
316 1076 369 1134 sibi
385 1080 480 1134 minas
495 1096 547 1154 per
559 1079 697 1156 ambages
711 1079 847 1158 jaceret:
876 1089 894 1114 ‘⁴
908 1079 953 1138 En
974 1077 1058 1146 tibi,”
1072 1077 1121 1142 iu·
1226 1141 1227 1144 ,

114 1153 197 1235 quit,
230 1162 290 1213 “ut
323 1155 445 1223 sentias,
464 1157 554 1234 qum
576 1156 635 1217 uile
655 1176 762 1236 corpus
783 1155 822 1216 sit
841 1157 887 1226 iis,
907 1157 961 1236 qui
982 1178 1122 1238 magnam

119 1236 243 1317 gloriam
257 1235 405 1304 vident;'’
439 1234 635 1313 dextramque
654 1255 781 1296 accenso
801 1236 839 1296 ad
874 1237 1053 1310 sacrificium
1072 1239 1120 1298 fo·-
1224 1265 1225 1272 ¹

121 1317 190 1376 culo
210 1313 328 1394 injicit;
346 1334 437 1396 quam
457 1333 548 1392 quum
570 1315 655 1374 vetut
675 1315 804 1376 alienato
827 1319 863 1377 ab
884 1335 971 1376 sensu
992 1324 1122 1381 torreret
1224 1353 1225 1358 κ

120 1397 239 1463 animo;
269 1414 360 1474 prope
380 1393 524 1453 attonitus
544 1394 689 1457 miraculo
710 1415 772 1464 ren,
806 1415 898 1474 quum
916 1399 954 1457 ab
974 1397 1046 1458 sede
1066 1418 1122 1460 sus

119 1475 315 1556 prosiluisset,
328 1473 517 1552 amoverique
530 1478 567 1534 ab
580 1474 722 1536 altaribus
731 1477 873 1555 juvenem
882 1476 1030 1556 jussisset,
1044 1489 1062 1515 ‘⁸
1070 1479 1121 1538 Tn

121 1557 192 1614 ver‘-
207 1553 286 1621 abi,’'
300 1552 405 1631 inquit,
417 1563 443 1610 .“
455 1553 486 1609 in
500 1565 530 1612 te
544 1554 647 1634 magis,
660 1555 749 1633 quim
774 1555 804 1614 in
819 1575 876 1624 me,
890 1555 1006 1617 hostilia
1020 1577 1123 1618 ausus.
1226 1582 1227 1618 i

120 1635 259 1695 Juberem
277 1640 377 1691 >macte
398 1630 509 1691 virtute
536 1652 614 1701 esse,
634 1635 659 1692 si
682 1654 733 1712 pro
754 1654 819 1694 mea
833 1635 927 1716 putria
947 1635 1005 1696 iste
1026 1637 1122 1698 virtus
1226 1661 1227 1679 ¹

122 1721 225 1774 staret.
265 1710 357 1771 Nunc
374 1712 443 1790 jore
463 1711 535 1773 beili
556 1712 681 1773 liberum
701 1719 742 1782 te,
765 1713 911 1774 intactum
931 1715 1123 1777 inviolatum·
1226 1749 1227 1774 r

122 1814 182 1874 que
201 1793 270 1852 binc
291 1791 441 1851 dimitto.’'
482 1783 563 1852 Tum
582 1793 714 1861 Mucius,
728 1794 814 1872 quasi
828 1815 1020 1856 remunerans
1034 1797 1123 1856 meri·

121 1880 197 1943 tum,
209 1885 227 1908 “
239 1870 521 1949 Quandoquidem,'’
540 1872 684 1949 >inquit,“‘
699 1878 745 1931 est
757 1873 835 1951 apud
859 1878 889 1932 te
903 1874 1006 1932 virtuti
1021 1877 1125 1946 honos,

122 1963 157 2012 ut
167 1951 311 2013 beneficio
325 1949 430 2008 tuleris
449 1951 459 2006 ἶ
476 1970 531 2019 me,
542 1951 622 2028 quod
635 1949 724 2012 minis
738 1951 886 2030 nequisti;
906 1953 1035 2012 trecenti
1050 1975 1126 2016 con·
1226 2005 1227 2017 ,

118 2034 285 2114 juravimus
305 2029 454 2110 principes
470 2031 639 2109 juventutis
661 2032 814 2098 Romanus,
834 2037 868 2090 ut
888 2031 972 2092 inte
993 2033 1049 2094 hssc
1071 2031 1124 2097 vict
1226 2063 1227 2100 1

121 2131 333 2252 {remoremur
373 2110 444 2170 Mea
466 2110 560 2190 prima
579 2129 643 2169 sors
656 2109 736 2178 fnit;
756 2110 858 2180 ceteri,
872 2117 906 2170 ut
920 2115 1028 2191 cuique
1042 2113 1123 2175 ceci·
1226 2103 1227 2158 i

144 2193 201 2251 erit
214 2191 319 2270 primu
332 2191 430 2271 quoad
444 2199 475 2250 te
489 2197 685 2271 oppormnum
698 2188 817 2250 fortune
827 2191 955 2263 dederit,
969 2213 1022 2252 suo
1036 2193 1122 2273 quis·

123 2293 182 2352 que
196 2278 339 2352 tempore,
351 2269 511 2332 aderunt?
671 2321 681 2332 e

92 2413 94 2418 ,
164 2353 252 2412 Xlli.
274 2351 409 2412 Mucium
431 2349 596 2419 dimissum,
626 2349 675 2408 cui
705 2358 808 2429 postes
829 2350 973 2411 Scaerolae
997 2352 1126 2416 i'clade

124 2432 235 2493 dextrae
257 2436 364 2492 munds
389 2449 550 2510 cognomen
583 2428 721 2498 inditum,
747 2429 837 2510 legati
864 2431 1029 2494 {Porsena
1062 2435 1126 2494 Re·

122 2524 203 2573 nram
223 2511 318 2572 secuti
339 2518 417 2570 sunt.
477 2509 563 2568 Ade?
585 2517 718 2568 moverat
733 2529 804 2583 eum
837 2517 868 2569 et
888 2509 976 2591 primi
1006 2512 1127 2592 pericu·

122 2591 146 2653 li
167 2611 263 2660 casus,
276 2611 336 2671 quo
349 2588 422 2651 nihil
435 2609 468 2649 se
481 2594 591 2669 praeter
603 2609 733 2649 errorem
747 2589 935 2650 ,insidiatoris
948 2591 1081 2662 texisset,
1092 2599 1127 2656 et

124 2671 278 2733 subeunda
297 2668 448 2729 dimicatio
467 2668 566 2744 toties,
595 2678 669 2747 quot
690 2669 837 2749 conjurati
870 2679 1070 2750 superessent,
1089 2677 1127 2734 ut

123 2752 206 2834 pacis
227 2749 412 2810 conditiones
431 2749 511 2808 otti-³.
524 2747 617 2808 ferret
637 2749 789 2808 Romanis.
828 2750 978 2810 iactatum
1000 2751 1032 2810 in
1053 2773 1127 2812 con·

124 2831 284 2892 ditionibus
305 2829 503 2909 nequicquam
523 2828 561 2888 de
575 2827 749 2907 Tarquiniis
769 2828 800 2888 in
821 2849 853 2888 re
874 2849 943 2890 num
966 2831 1127 2892 restituen-

124 2913 181 2982 dis,
202 2911 295 2992 magis
308 2909 379 2989 qnia
398 2909 429 2968 id
443 2928 553 2990 negare
571 2907 635 2988 ipse
648 2907 825 2989 nequiuerat
838 2851 1021 2989 dominiis,
1034 2931 1073 2992 qu
1082 2913 1128 2976 x,m

123 2993 206 3072 qutd
221 2999 359 3072 negatum
372 2989 409 3050 iri
423 2987 478 3050 sibi
498 2991 536 3050 ob
558 2989 698 3052 Romanis
719 2990 878 3072 ignoraret.
921 2991 1050 3082 Deugro
1063 2993 1127 3052 Ve-

120 3072 254 3157 jentibus
267 3069 450 3132 restituendo
460 3070 651 3149 impetratum
663 3090 672 3142 3
693 3089 890 3150 expressaque
899 3079 1061 3130 necessitas
1072 3073 1126 3131 ob·
1210 3125 1212 3132 .

124 3153 206 3213 sides
220 3152 310 3212 dandi
334 3151 485 3220 Romanis,
499 3149 524 3209 si
536 3148 674 3210 Ianiculo
687 3149 860 3228 praesidium
878 3145 986 3207 deduci
1001 3149 1127 3212 vellent.

126 3232 184 3294 His
204 3231 423 3292 conditionibus
444 3228 606 3309 composita
628 3248 710 3308 poce,
744 3227 907 3288 exercitum
928 3231 966 3288 ab
985 3230 1127 3292 thniculo

126 3311 251 3379 deduxit
279 3313 419 3381 Porsena,
432 3318 462 3370 et
475 3329 546 3390 agro
562 3310 694 3370 Romano
707 3307 846 3368 excessit.
885 3307 990 3368 Patres
1004 3313 1041 3370 C.
1054 3312 1127 3371 Mu-

126 3388 411 3453 oio'virtutisems*
436 3399 519 3450 trans
540 3387 673 3448 Tiberim
694 3408 796 3470 agrum
817 3387 894 3448 dono
908 3387 1027 3460 dedere,
1054 3409 1124 3469 quae

125 3482 229 3555 postea
243 3479 313 3531 sunt
326 3469 431 3530 Mucia
445 3476 530 3550 prata
542 3467 702 3550 appellata.
743 3470 832 3552 Ergo,
851 3469 894 3528 ita
905 3468 1031 3530 honoret
1041 3483 1048 3528 ⁴.
1064 3471 1123 3532 vir·

124 3557 201 3624 tute,
215 3551 333 3614 feminee
346 3570 466 3630 quoque
486 3549 524 3610 od
539 3548 658 3628 publica
668 3549 777 3612 decora
791 3548 938 3612 excitatae.
982 3551 1021 3610 Et
1041 3549 1123 3611 Cloe·

125 3632 168 3695 lia
188 3633 280 3713 virgo,
299 3651 359 3691 una
372 3651 410 3691 ex
429 3629 590 3698 obsidibus,
602 3649 695 3708 quum
717 3639 815 3692 cestre
836 3629 1026 3690 Etruscorum
1047 3627 1125 3690 torte

125 3709 205 3773 baud
221 3710 320 3792 procul
341 3709 404 3788 ript
426 3710 546 3769 Tiberis
568 3710 665 3768 locato
678 3716 789 3778 essent,
808 3707 951 3772 frustrata
974 3707 1124 3777 custodes,

127 3789 190 3852 dux
202 3790 328 3876 agminis
339 3789 488 3876 sumnum
505 3787 586 3854 iuter
599 3788 662 3854 tels
680 3787 809 3854 bostium
821 3786 955 3858 Tiberim
974 3787 1125 3858 tranavitz
