2634 4392
565 281 695 344 LIBER
708 282 734 343 1.
1117 298 1136 352 7

150 448 197 504 les
212 449 328 512 esseut,
340 441 432 512 unde,
453 447 506 510 aut
518 462 577 522 quo
590 439 662 504 cas'u
675 440 800 534 profecti
813 442 909 512 domo,
924 443 1041 524 ,quidue
1054 466 1137 526 qua·

149 532 259 584 rentes
272 522 303 583 in
318 541 424 603 agrurn
439 523 618 582 Laurentem
642 524 797 592 emanent?
815 523 978 602 ‘Postquam
1004 526 1138 603 audierit

84 637 100 650 r·
149 603 383 664 multitudinem
397 603 542 682 Trojanos
553 623 637 673 esee;
656 604 765 662 ducem
774 604 907 671 AEneam
917 603 1011 674 lilium
1023 609 1138 682 Anchi-

84 735 92 760 ,
150 706 192 744 sm
205 694 239 744 et
256 682 402 748 Veneris;
423 693 551 750 cremata
560 682 654 764 patrie
667 683 794 763 etdomo
807 682 944 764 profugos
955 687 1055 747 sedem
1065 709 1137 750 cou-
1232 738 1233 743 ,

84 825 85 836 ,
150 765 325 844 dendrrque
339 764 406 833 urbi
419 765 519 824 locum
538 763 681 842 quaerere,
705 771 735 822 et
759 762 939 836 nobilitatem
960 767 1138 829 admiratum
1232 828 1233 833 ,

84 905 85 920 ¹
138 883 141 892 ·
152 845 255 926 gentis
266 843 392 922 virique,
404 845 574 903 etenimum
586 845 633 904 vel
644 844 723 906 bello
734 843 781 902 vel
796 841 861 922 paui
874 855 1019 924 paratum,
1032 845 1136 909 deute-

84 927 86 954 *
152 947 188 984 ra
201 925 276 984 datu
287 924 378 984 fidem
392 923 500 983 futurae
511 922 648 1000 amicitiae
659 921 802 984 sanxisse.
843 924 918 984 lnde
931 925 1030 986 fredus
1043 927 1137 989 ictum

90 999 94 1008 ’
151 1005 234 1064 inter
263 1005 366 1074 duces,
377 1002 456 1063 inter
476 1004 625 1064 exercitus
640 1002 847 1063 salutationem
863 1003 995 1071 ⁴luctamr
1016 1008 1136 1070 AEneau

84 1077 86 1098 '
152 1084 240 1164 apud,
249 1083 391 1144 Latinum
402 1083 495 1144 fuisse·
508 1083 540 1143 in
555 1083 695 1163 hospitio:
715 1082 755 1142 ibi
765 1084 907 1144 Latinum
918 1087 998 1166 apud
1009 1087 1137 1149 Penates

153 1167 238 1224 Deos
264 1164 458 1227 domesticum
484 1163 604 1244 publico
630 1163 802 1243 adjunxisse
826 1163 936 1234 fredus,
950 1165 1011 1226 lilia
1025 1169 1136 1229 AEneuc

84 1267 86 1278 ’
153 1245 184 1304 in
200 1244 422 1306 matrimonium
448 1244 538 1304 data:
569 1261 666 1304 eures
680 1243 784 1334 utique
797 1242 936 1323 Trojanis
961 1249 1137 1326 spemaffir-

84 1327 85 1330 ’
155 1332 218 1384 mat
227 1325 351 1384 tandem
360 1323 688 1402 stabilicertaquesede
698 1322 821 1383 finiendi
832 1325 947 1384 erroris.
988 1326 1137 1407 Oppidum
1232 1346 1233 1401 j

84 1469 86 1474 ,
156 1405 301 1464 condunt.
322 1405 437 1466 AEneas
446 1404 606 1464 abuomine
616 1403 715 1462 uxoris
726 1403 883 1464 Lavinium
895 1406 1035 1484 appellat.
1061 1409 1136 1468 Bre-

157 1485 185 1542 vi
199 1486 291 1564 stirps
305 1503 427 1563 quoque
436 1483 527 1542 virilis
539 1503 575 1543 ex
587 1503 663 1543 novo
677 1483 861 1544 matrimonio
869 1483 935 1554 fuit,
947 1485 997 1546 cui
1007 1488 1138 1550 Ascani·
1232 1532 1233 1539 κ

156 1585 204 1624 um
239 1575 361 1624 arentes
375 1563 477 1626 dixere
496 1583 612 1624 nomen.

196 1586 238 1704 lii
275 1645 362 1704 Bello
385 1643 496 1703 deinde
525 1643 696 1724 Aborigines
717 1645 900 1725 Trojauique
927 1646 1015 1706 simul
1034 1648 1138 1729 petiti.
1232 1684 1233 1691 κ

156 1725 280 1784 Turnus
296 1725 365 1784 Rex
379 1724 568 1792 Rutulorum,
588 1724 636 1782 cui
649 1730 740 1804 pactu·
751 1725 878 1786 Lauinia
891 1732 961 1786 ante
973 1728 1137 1789 adventum

85 1865 86 1870 χ
157 1805 264 1864 AEneae
278 1805 387 1872 luerat,
410 1803 561 1883 praelatum
576 1803 628 1865 sibi
648 1805 795 1866 advenam
818 1808 896 1884 eegr&
910 1805 1034 1885 petiens,
1048 1809 1137 1869 simul

157 1889 259 1944 AEneae
274 1884 445 1962 Latinoque
466 1883 575 1944 bellum
597 1884 748 1944 intulerat.
789 1884 906 1944 Neutra
919 1885 1078 1948 aciesleeta
1099 1909 1137 1950 ex

156 1985 190 2023 eo
205 1965 367 2026 certamine
384 1963 456 2023 abiit
465 1983 474 2032 ;
495 1962 566 2022 victi
580 1963 706 2024 Rutuli:
727 1963 856 2023 victores
870 1966 960 2024 Abori
981 1966 987 1979 '
1011 1988 1045 2027 es
1059 1970 1137 2030 Tro-

151 2045 399 2124 janiqueducem
414 2043 554 2104 Latinum
565 2043 699 2104 amisere.
741 2045 815 2104 lude
825 1987 1137 2127 Turnusiiitulique,
1232 2074 1233 2079 ¹

155 2125 246 2200 diffisi
259 2128 356 2196 rebus,
370 2126 407 2184 ad
423 2124 562 2183 florentes
582 2125 778 2184 Etruscorum
791 2144 862 2204 opes
886 2126 1135 2208 Mezentiumque

155 2225 261 2264 eorum
275 2225 383 2285 regem,
397 2204 591 2284 confugiunt3
625 2202 678 2282 qui
702 2204 787 2262 core
801 2204 942 2340 opulento
956 2213 1019 2268 turn
1030 2209 1138 2288 oppido
1232 2238 1233 2245 ¹

155 2284 338 2362 imperitans,
353 2286 415 2364 jam
437 2284 507 2344 inde
521 2285 558 2344 ab
576 2283 662 2344 initio
686 2281 805 2342 minim&
836 2290 912 2343 retus
927 2305 1008 2345 novae
1023 2289 1136 2369 origine

156 2365 244 2434 urbis,
258 2373 289 2424 et
312 2373 374 2424 tum
396 2365 484 2424 nimio
506 2365 582 2444 plne,
596 2364 688 2443 quim
708 2362 784 2422 satis
804 2369 901 2424 ortum
916 2374 995 2424 esset
1015 2369 1136 2440 accolis,

156 2467 216 2504 rern
231 2447 532 2524 'smjanamcrescere
543 2449 633 2524 ratus,
643 2442 723 2502 baud
734 2441 877 2523 gravatim
889 2443 969 2505 socia
978 2466 1060 2508 amm
1072 2449 1136 2509 Ru·

156 2525 225 2584 tulis
241 2524 353 2606 junxit.
394 2529 506 2587 AEueas
520 2523 665 2586 arluersus
688 2521 765 2582 tanti
784 2522 856 2582 belli
868 2532 1010 2586 terrorem
1024 2536 1058 2588 ut
1069 2530 1133 2590 ani·

157 2626 218 2666 uros
233 2605 425 2687 Aboriginum
440 2603 494 2664 sibi
508 2603 692 2672 conciliaret,
705 2621 742 2662 ne
764 2605 819 2662 sub
831 2605 934 2665 eodem
944 2608 1013 2685 jure
1026 2609 1135 2683 soldm,

156 2686 318 2746 sedetiam
346 2685 473 2754 nomine,
486 2704 589 2744 omnes
613 2691 722 2750 essent,
745 2683 867 2744 Latinos
880 2694 1036 2767 utramque
1059 2711 1132 2770 gen·
1232 2758 1233 2771 χ

157 2775 215 2824 tem
229 2766 399 2845 appellavit.
440 2767 507 2825 Nec
522 2763 630 2824 deinde
645 2763 821 2842 Aborigines
834 2765 973 2845 Troianis
985 2769 1083 2829 studio
1096 2791 1131 2832 ac

84 2857 86 2866 '
159 2846 215 2906 fide
225 2867 293 2927 erga
307 2866 407 2938 regem
429 2849 545 2904 AEneun
560 2864 695 2916 cessere,
716 2843 870 2923 fretusque
883 2845 928 2906 bis
942 2847 1048 2908 animis
1062 2872 1130 2911 coa·

159 2927 332 2986 lescentium
346 2946 377 2986 m
391 2923 455 2984 dies
473 2923 702 3005 magis‘duorum
712 2924 888 3004 populorum
902 2931 1023 2999 AEneas,
1033 2951 1130 3009 quao-
1232 2930 1233 2935 ’

155 3027 239 3086 quarn
259 3013 346 3068 tanta
360 3003 463 3084 opibus
479 3003 728 3072 acordement
745 3007 809 3084 jam
823 3025 881 3066 non
907 3014 1002 3080 terras
1021 3009 1129 3080 solim,
1232 3034 1233 3037 ¹

155 3088 207 3147 sed
222 3109 300 3148 mare
315 3086 405 3146 etiam
427 3105 480 3164 per
503 3090 594 3143 totam
610 3084 702 3143 liuline
714 3083 939 3164 longitudinem,
953 3090 990 3146 ab
1004 3089 1131 3168 Alpibus

157 3169 194 3230 ad
206 3169 314 3229 fretum
340 3167 484 3234 Siculum,
507 3164 585 3225 fama
607 3163 733 3229 nominis
757 3164 803 3223 sui
828 3164 1001 3257 implffsset3
1022 3176 1131 3242 tameo,

157 3269 243 3328 quum
257 3247 406 3309 rnmnibus
419 3245 528 3306 bellum
543 3245 715 3324 propulsare
741 3239 850 3324 possit,
869 3252 901 3305 m
923 3246 1016 3308 aciem
1031 3251 1131 3329 copias

156 3331 265 3391 eduxit.
306 3327 477 3388 Secundum
490 3325 561 3384 inde
572 3323 709 3404 proelium
725 3324 850 3394 Latinis,
864 3329 967 3386 AEnere
981 3328 1069 3390 etiam
1084 3330 1131 3392 ul·
1232 3362 1233 3367 ¹

94 3421 99 3438 '
157 3413 258 3472 timum
268 3423 391 3488 operum
400 3405 566 3468 mortalium
579 3403 642 3463 nit.
685 3404 1131 3489 Situsest,quemcunqueeun

157 3492 215 3552 dici
225 3489 389 3570 jussaeque
400 3492 454 3556 est,
469 3505 557 3566 super
566 3483 740 3550 Numicium
751 3484 885 3555 flumem
904 3486 1130 3573 Jouernindige.

84 3579 85 3590 ¹
157 3583 244 3634 terna
287 3571 386 3630 ellant.
669 3606 671 3609 ·
845 3636 847 3642 ,
1124 3607 1128 3612 ·

196 3589 425 3712 lrripNondum
445 3652 579 3706 maturus
605 3643 729 3723 imperio
751 3644 899 3706 Ascanius
923 3651 1028 3710 AEneue
1048 3649 1129 3712 filius

160 3741 237 3803 erat;
257 3739 358 3792 temen
380 3729 408 3787 id
423 3726 577 3806 imperium
601 3723 628 3784 ei
642 3724 680 3784 ad
696 3725 835 3802 puberem
847 3731 966 3788 antem
979 3726 1127 3794 incolome

161 3815 278 3885 manain
298 3809 441 3888 tantisper
454 3807 547 3872 tutela
566 3803 703 3869 muliebri
714 3803 980 3886 tentamentum
1001 3807 1128 3874 Lavinia
1232 3812 1233 3815 ’
