2634 4392
120 289 198 362 xaar
337 380 340 388 Ι
552 284 715 346 norun

126 443 273 516 „animoa
298 463 357 506 non
378 444 490 523 majore
508 443 579 506 odio
592 444 686 526 regni,
710 443 799 524 quim
812 442 907 525 ipsius
930 440 1034 533 regisr
1053 443 1162 521 gravis
1197 446 1203 461 “

141 525 208 604 jam
221 521 247 582 is
261 529 350 584 autea
364 524 447 604 genti
460 529 558 584 tuerat
571 525 675 604 opibus
696 523 906 604 superbiaque,
932 541 1003 601 quia
1017 522 1160 584 solennia

151 603 299 671 ludorum,
314 622 401 682 'quos
422 603 581 664 intermitti
600 604 687 664 nefas
706 608 764 673 est,
791 603 939 663 violenter
959 601 1161 662 diremisset:

152 701 244 762 quum
258 684 294 741 ob
307 682 382 743 iram
394 683 534 776 repulsae,
547 683 629 765 qubd
643 683 782 764 suffragio
806 681 964 742 duodecim
976 681 1160 762 populorum

150 762 228 821 alius
243 762 382 823 sacerdos
409 782 437 822 et
457 764 601 844 praelatus
625 770 715 833 esset,
741 763 882 832 addicere
906 777 1031 840 quorum
1045 781 1158 841 magua

102 877 105 924 ὲ
150 859 222 921 pars
233 841 329 933 ipsius
343 842 531 912 servierant,
556 861 594 903 ex
620 843 721 904 medio
738 842 856 902 ludicro
874 843 998 922 repente
1021 840 1161 904 abduxit.

100 927 106 1020 p
155 921 239 981 Gens
251 929 364 1002 utaque,
387 925 458 983 ante
471 941 573 984 omues
588 923 662 984 alias
676 927 711 983 ec
731 922 824 1004 magis
837 921 941 983 dedita
953 919 1161 1000 religionibus,

100 1003 119 1062 ι’
156 1001 239 1080 qudd
253 1001 414 1064 excelleret
438 1009 502 1063 arte
522 1002 643 1063 colendi
664 1022 724 1073 eas,
747 1002 890 1062 auxilium
904 1002 1084 1080 ltejentibus
1104 1020 1163 1060 ne-

98 1145 115 1167 N
154 1081 296 1161 gaudum,
320 1082 416 1142 donec
441 1085 494 1142 suh
515 1103 585 1176 rege
607 1093 716 1152 essent,
741 1081 900 1151 decrevit3
929 1080 1029 1160 cujus‘
1042 1080 1162 1146 decreti

97 1181 99 1250 ÷
155 1161 715 1323 teptttttrtttttttt
727 1159 1162 1320 ttilrtsiiiiuhqltidss‘?

95 1365 96 1368 ,
154 1339 216 1380 nou
229 1320 300 1382 vani
320 1321 465 1382 sermonis
479 1328 639 1391 auctorem,
651 1322 786 1382 habebat.
824 1320 969 1382 Romanis
979 1319 1036 1379 etsi
1048 1319 1164 1400 quietae

155 1419 205 1460 res
219 1421 256 1460 ex
269 1401 392 1460 Etruria
405 1401 633 1471 nunciabantur,
654 1407 766 1472 tamen,
788 1400 859 1480 quia
871 1400 1007 1461 omuibus
1022 1398 1162 1462 conciliis

153 1498 219 1540 eam
232 1499 295 1540 rem
309 1478 414 1562 agitari
428 1479 615 1549 afferebatur,
625 1481 669 1542 ita
681 1483 864 1550 muniebant,
885 1487 920 1540 ut
933 1478 1075 1559 ancipitia
1087 1499 1160 1538 mu-

90 1569 91 1576 ’
154 1559 290 1622 nimenta
303 1565 426 1620 essente
445 1559 504 1620 alia
518 1559 549 1621 iu
560 1563 662 1621 urbem
675 1569 707 1622 et
717 1568 823 1622 contra
835 1561 1048 1643 oppidanorum
1062 1577 1157 1639 erup-

152 1639 249 1698 tiones
262 1659 348 1700 versa
363 1659 377 1716 εἸ
391 1638 459 1700 aliis
481 1639 564 1702 frons
587 1640 619 1700 in
633 1641 794 1709 ,Etruriam
804 1680 806 1685 ,
818 1647 958 1722 spectans
971 1637 1097 1710 auxiliis,
1124 1638 1154 1698 si

153 1735 213 1798 qua
225 1717 302 1780 forte
315 1719 385 1788 inde
399 1719 545 1790 venirent,
559 1723 775 1782 obstruebatur.
835 1746 840 1753 «

194 1799 237 1859 ΙΙ.
257 1799 357 1872 Quum
371 1819 439 1880 spes
460 1801 554 1880 major
573 1800 798 1882 imperatoribus
821 1799 965 1860 Mmanis
989 1799 1025 1858 iu
1045 1796 1157 1860 obsidi-

83 1908 92 1954 l·
154 1897 221 1949 one,
234 1879 326 1958 quim
338 1879 371 1940 iu
392 1880 622 1960 oppugnatione,
646 1888 750 1950 esset;
768 1879 963 1941 hibernacula
984 1878 1086 1948 etiam,
1109 1898 1159 1938 res

155 1977 233 2020 nova
256 1957 344 2019 militi
363 1959 508 2028 Romano,
535 1957 679 2021 edificari
701 1980 748 2020 coe
769 1965 824 2020 la:
845 1957 1064 2037 consiliumque
1083 1964 1158 2026 erat,

155 2037 314 2108 hiemando
333 2038 506 2098 continuare
529 2037 639 2100 bellum
651 2060 662 2112 ς
682 2059 723 2118 qu
781 2046 940 2120 postquam
952 2037 1081 2098 tribunis
1116 2037 1159 2098 le·

155 2117 210 2188 bis,
230 2118 347 2198 jamdiu
360 2118 475 2178 nullam
489 2119 620 2179 novandi
638 2137 688 2179 res
708 2137 829 2180 eaumra
841 2118 1075 2188 invenientibus,
1146 2147 1159 2162 ·

154 2215 233 2260 mam
248 2205 295 2258 est
307 2198 443 2278 allatum,
470 2196 689 2260 inconcinnam
712 2199 879 2293 prosiliunt,
906 2197 1073 2259 sollicitant
1092 2198 1157 2279 ple·
1234 2214 1236 2259 ὲ

154 2275 200 2338 bis
222 2278 344 2349 animos,
371 2290 389 2320 ‘⁴
400 2277 468 2338 Hoc
489 2278 567 2338 illud
580 2281 670 2340 esse’'
694 2279 879 2350 dictitantes,
903 2278 1013 2358 “qudd
1027 2297 1088 2338 aera
1100 2277 1155 2337 mi·
1233 2300 1235 2313 ¹

155 2357 260 2418 litibus
274 2358 335 2418 sint
349 2358 534 2430 constituta3
554 2377 612 2419 uec
633 2379 665 2419 se
675 2359 828 2428 fefellisse,
849 2359 881 2420 id
894 2357 1007 2418 donum
1022 2356 1155 2418 iubnico·
1231 2362 1234 2423 .’

156 2457 222 2497 rum
235 2437 475 2499 reuenoillittm
488 2437 561 2500 fore.
598 2438 730 2499 Venisse
741 2439 914 2500 libertatem
925 2435 1042 2518 plebiae
1060 2454 1157 2496 ramo·
1229 2472 1232 2515 s

156 2522 219 2578 tarn
232 2517 264 2577 iu
277 2524 457 2598 perpetuum
481 2523 513 2577 et
525 2518 693 2600 ablegatam
704 2521 742 2579 ab
754 2522 828 2580 urhe
841 2525 873 2578 et
885 2520 922 2578 ab
934 2515 1089 2598 republica
1104 2519 1155 2597 ju·
1228 2518 1231 2587 .'

82 2644 83 2647 η
155 2602 321 2667 verentem,
341 2599 405 2678 jam
429 2615 469 2658 ne
481 2597 571 2658 hiemi
593 2598 715 2678 quidem
739 2605 792 2659 aut
804 2597 931 2680 tempori
944 2596 1017 2657 anui
1039 2596 1156 2666 cedere,
1227 2612 1229 2641 1

155 2695 192 2736 ac
206 2678 308 2738 domos
322 2683 354 2737 et
367 2696 415 2736 res
428 2676 560 2742 invisere
581 2697 658 2738 suas.
699 2678 796 2752 Quam
816 2682 961 2760 putarent
971 2677 1153 2738 continuata

157 2756 276 2818 militiae
304 2775 426 2818 causam
453 2757 544 2816 esse?
571 2758 687 2818 nullam
711 2757 848 2839 profecto
871 2757 960 2819 aliam
972 2757 1155 2826 inventuros,

154 2838 246 2916 qualm
259 2855 298 2898 ne
312 2835 384 2918 quid
397 2851 451 2917 per
464 2835 664 2916 frequentiam
688 2839 829 2899 ‘uvenum
853 2857 964 2908 eorum,
989 2836 1023 2896 in
1047 2836 1152 2916 quibus

155 2917 235 2979 vires·
248 2937 351 2978 omnes
364 2913 460 3003 plebis
473 2923 583 2988 esseut,
610 2917 656 3000 agi
670 2860 708 2978 de
729 2918 891 2980 commodis
914 2935 1017 2978 eorum
1043 2924 1152 2998 posset.

156 2997 268 3058 Vexari
311 3003 438 3058 raeteraa
461 3002 493 3057 et
517 2997 612 3080 subigi
633 2997 727 3060 multo
739 2999 848 3070 acrius,
874 3001 965 3078 quim
988 2997 1154 3078 Vejeutesr

155 3077 266 3158 quippe
274 3017 343 3136 ilios
352 3075 480 3138 hiemem
491 3079 546 3137 suh
556 3077 644 3140 tectis
655 3078 718 3138 suis
731 3099 828 3161 agere,
841 3077 966 3160 egregiis
976 3078 1071 3137 muris
1081 3076 1152 3136 situ·

155 3175 216 3236 que
228 3156 358 3218 naturali
371 3158 472 3218 urbem
497 3162 653 3218 tutantes:
673 3157 800 3218 militem
820 3159 988 3219 maranum
1012 3157 1045 3216 in
1068 3173 1152 3237 opere

156 3255 193 3298 ac
205 3237 316 3306 labore,
328 3236 447 3298 nivibus
460 3235 633 3318 pnrinisque
660 3239 807 3308 obrutum,
820 3240 876 3298 sub
888 3237 1016 3320 pellibus
1036 3236 1153 3308 durare,

155 3335 195 3378 ue
207 3316 311 3378 hiemis
322 3317 442 3394 quidem
457 3315 562 3398 spatio,
575 3335 644 3396 quae
665 3317 799 3378 dmnium
810 3317 956 3379 bellorum
968 3321 1053 3377 terra
1067 3316 1154 3379 mari·

155 3399 215 3458 hue
239 3397 279 3458 sit
292 3396 387 3476 quies,
401 3417 483 3458 arma
494 3397 702 3477 deponentem.
742 3398 810 3458 Hoc
822 3417 921 3478 neque
937 3415 1033 3477 reges,
1057 3415 1154 3475 aeque

155 3483 226 3540 aute
235 3475 424 3538 tribuniciam
434 3481 612 3559 patestatem
638 3482 769 3540 creatam
780 3480 921 3560 superbos
931 3475 1153 3544 illosconsules,

153 3575 253 3638 neque
262 3556 348 3618 triste
357 3555 510 3618 dictatoris
519 3556 687 3638 imperium,
695 3577 794 3638 neque
804 3557 990 3650 importunos
1003 3554 1153 3617 decemvi-

151 3657 201 3699 ros
211 3637 376 3720 injuuxisse
386 3635 547 3706 servitutis,
557 3643 591 3699 ut
603 3654 766 3720 perennem
776 3637 913 3698 militiam
920 3637 1067 3705 facerent,
1072 3635 1152 3714 quod

151 3717 401 3780 tribunimilitum
415 3718 446 3778 iu
480 3716 547 3777 lebe
556 3717 692 3780 Romana
702 3737 824 3802 regnum
835 3722 1019 3788 exercerent.
1058 3715 1153 3789 Quid·

150 3797 277 3860 mamilli
292 3799 429 3860 consules
452 3737 775 3862 dictatoresvefacturi
798 3794 909 3867 emeat,
922 3796 975 3877 qui
1007 3813 1151 3858 mecum·

149 3861 943 3968 laremimagiuemiauscvunacsstaucemieeeriatt
1055 3874 1148 3940 idae·

199 4148 205 4158 Ι

101 4148 259 4188 ιῌΙΙ-ι-ΕΗ
266 4174 278 4189 “--
287 4180 301 4191 s.
315 4188 325 4193 ..
336 4190 337 4193 ,
