2634 4392
181 329 221 409 pu
324 349 330 357 ›
602 319 764 382 nnrvn
816 391 818 397 ,
851 323 855 338 ‘

99 542 100 545 ,
165 481 380 565 'conspicatus
399 473 542 560 interque
551 499 602 541 eos
615 479 863 562 insignemveste
876 476 1025 562 armisque
1045 480 1171 562 Mamili·

180 581 233 624 um
259 563 420 632 noscitans,
439 557 524 623 tanto
546 561 577 620 vi
598 564 718 644 majore,
738 561 939 644 ‘qnimpauli
953 563 1022 622 anti
1042 562 1172 645 magister

181 643 325 723 equitum,
346 662 416 702 eum
434 639 563 702 hostium
583 642 661 704 duce
703 642 823 718 roelium
843 641 921 713 iniit,
934 649 969 703 ut
989 649 1020 704 et
1039 663 1098 704 uno
1116 642 1171 704 ictu

179 723 358 789 cansarum
369 743 425 804 per
438 723 517 783 latus
529 722 674 784 occiderit
723 719 866 797 amilium,
879 729 911 784 et
922 721 987 804 ipse
1000 724 1079 784 inter
1092 724 1172 804 spoli·
1216 739 1217 742 ’

177 804 293 866 andum
306 823 414 886 corpus
433 802 527 862 hostis
548 810 654 864 veruto
665 817 836 886 percussus,
849 823 942 898 quum
956 803 1095 865 victorin
1115 821 1172 864 cas-

179 889 228 944 ta
252 890 335 946 esset
359 884 483 954 relatum,
516 882 597 963 inter
615 883 743 965 primum
773 890 955 946 curationem
977 885 1030 944 e'xs
1052 883 1171 944 iraverit

180 963 261 1024 Tum
288 963 328 1026 ad
354 964 472 1043 equites
486 962 617 1024 dictator
636 964 767 1034 advolat,
786 967 948 1048 obtestans,
968 973 1011 1033 ut,
1024 904 1102 1024 iisse
1116 965 1172 1054 jam

179 1045 293 1128 pedite,
313 1043 500 1110 descendant
513 1061 551 1104 ex
571 1044 667 1127 equis,
692 1050 724 1104 et
743 1062 783 1126 pu
805 1063 873 1106 nam
887 1047 1054 1124 capessant.
1093 1043 1173 1102 Dicto
1216 1093 1217 1096 ,

180 1145 327 1208 parceret
354 1123 499 1186 desiliunt
517 1143 556 1184 ex
582 1125 678 1204 equis,
698 1067 856 1206 provoiant
875 1123 906 1184 in
926 1121 1108 1205 primurn,et
1128 1139 1173 1204 pro

181 1204 385 1287 antesignanis
398 1223 518 1286 pannum
543 1204 699 1286 objiciunt.
739 1204 860 1286 Recipit
882 1205 1034 1286 extemplo
1054 1203 1174 1264 animum

180 1283 331 1368 pedestris
344 1284 436 1354 acies,
448 1290 607 1367 postquam
616 1283 787 1365 juventutis
796 1280 947 1365 ‘proceres
964 1289 1084 1378 aquato
1095 1298 1173 1366 gene·

180 1382 216 1426 re
229 1385 337 1447 pugnae
363 1384 466 1427 secum
485 1365 601 1446 partem
621 1363 750 1446 periculi
771 1363 957 1425 sustinentes
978 1365 1065 1426 vidit.
1104 1363 1173 1422 Tum

181 1445 304 1506 demum
317 1444 438 1524 impulsi
452 1442 564 1514 Latini,
577 1443 777 1526 perculsaque
795 1443 951 1506 inelinavit
962 1445 1053 1506 acies.
1091 1443 1116 1504 E
1137 1440 1173 1500 ui-

180 1523 332 1586 tiadmoti
345 1523 424 1604 equi,
437 1526 472 1584 ut
523 1523 623 1604 rsequi
647 1523 762 1586 hostem
776 1531 899 1605 posset;
919 1533 1024 1586 secuta
1037 1531 1069 1584 et
1118 1461 1174 1580 ies·

181 1605 238 1666 teis
251 1605 341 1666 acies.
381 1601 437 1674 lbi,
451 1604 483 1664 ni
503 1603 526 1663 il
547 1623 605 1664 neo
619 1603 729 1664 divinae
751 1622 807 1667 nec
822 1605 958 1666 humanae
974 1605 1039 1684 opis
1061 1603 1175 1662 dictator
1217 1563 1219 1636 i

181 1684 424 1768 prseternrittens,
439 1685 536 1746 aedem
550 1683 675 1745 Castori
684 1683 802 1744 vovisse
814 1684 931 1757 fertum
969 1703 1005 1744 ao
1026 1677 1174 1766 pronunti·

184 1773 253 1828 fisse
271 1765 361 1827 militi
375 1765 505 1846 pramis,
518 1764 572 1845 qni
585 1764 710 1846 primu-s,
736 1763 791 1844 q'ui
804 1765 964 1834 secundus,
979 1775 1078 1826 eastra
1096 1757 1175 1822 hosti·
1218 1765 1219 1842 }

183 1866 235 1906 um
248 1846 596 1925 intrasset3'tantusque
615 1845 705 1904 ardor·
724 1843 792 1914 suit,
812 1851 851 1904 ut
867 1845 970 1904 eodem
992 1845 1116 1924 impetn,
1128 1855 1176 1919 quo
1218 1867 1219 1872 κ

183 1925 326 1986 fuderant
351 1926 477 1994 hostem,
500 1923 627 1985 Romani
648 1928 749 1989 castra
762 1929 913 2002 caperent.
934 1922 1020 1981 noc
1041 1915 1176 1980 modoad
1216 1915 1219 1950 i

183 2005 285 2066 lacum
306 2003 455 2087 Reginum
469 2011 633 2085 pugnatum
647 2007 704 2062 est.
745 2001 929 2062 Dictatoret
941 2001 1084 2082 magister
1104 1994 1176 2078 equi·
1218 1995 1219 2088 p

184 2092 250 2146 tum
263 2085 352 2146 trium
373 2084 480 2144 hantes
499 2084 648 2145 inurbem
661 2079 786 2142 rediere.
884 2107 885 2111 ¹
1216 2139 1217 2142 ,

162 2175 165 2182 ’
226 2165 311 2226 ΧΧΙ.
361 2163 476 2225 riennio
495 2163 606 2224 deinde
632 2163 702 2234 nee,
718 2169 801 2224 certa
879 2181 972 2232 ‚nee
991 2161 1104 2222 bellurn
1122 2153 1177 2218 fuit
1216 2209 1217 2214 ,

187 2247 337 2308 Consules
350 2245 386 2320 Q.
399 2243 527 2306 Cloeiius
540 2250 572 2303 et
584 2243 625 2302 T.
638 2241 771 2303 Lartius.
828 2243 887 2303 nde
901 2243 940 2302 A.
955 2238 1143 2322 Sempronius
1155 2237 1178 2292 et

187 2327 235 2389 M.
249 2325 409 2393 Minutius.
449 2323 508 2385 His
521 2323 693 2384 consulibus
718 2323 800 2382 aedes
814 2323 941 2382 Saturno
954 2321 1115 2382 dedicata:
1134 2315 1178 2374 Sa·

187 2407 321 2469 turnalia
340 2402 496 2466 institutus
509 2401 606 2463 festus
625 2401 700 2462 dies.
741 2403 780 2461 A.
793 2400 903 2461 deinde
917 2399 1089 2460 Postumius
1102 2399 1132 2456 et
1147 2391 1177 2450 T·

188 2487 345 2567 Virginius
365 2481 507 2553 consules,
523 2481 605 2543 facti.
660 2481 727 2542 Hoc
749 2479 868 2558 demum
889 2500 968 2542 anno
987 2479 1026 2542 ad
1040 2475 1178 2560 Regillum

187 2567 289 2627 lacum
309 2572 482 2704 pugnatum,
502 2561 582 2705 apud
602 2561 749 2702 puosdam
768 2559 910 2632 invenio;
944 2555 1178 2644 anonumum

189 2646 262 2727 quio
282 2666 317 2706 co
330 2645 396 2726 lega
409 2642 505 2704 dubiae
540 2642 592 2703 dei
617 2641 704 2713 uerit,
718 2659 750 2704 se
765 2640 921 2703 consulatu
935 2641 1109 2708 abdicasse3
1127 2633 1178 2692 dro-

188 2733 317 2788 tstorem
343 2723 414 2784 inde
440 2723 580 2784 factum.
603 2721 697 2782 Tanti
711 2741 827 2782 errores
846 2721 1003 2802 implicant
1016 2729 1180 2799 temporum.

191 2807 281 2868 aliter
294 2803 374 2886 apud
387 2803 463 2864 alios
475 2801 622 2862 ordinatis
634 2801 865 2884 magistratibus,
879 2807 931 2870 nt.
946 2821 1003 2861 nec
1016 2799 1072 2880 quui
1086 2809 1179 2882 eonsu-

190 2888 238 2948 les
252 2884 418 2946 secundum
432 2883 586 2964 quosdam,
599 2901 657 2941 nec
671 2881 745 2960 quid
759 2899 879 2961 quoque
892 2900 971 2954 anno
984 2886 1087 2942 actum
1099 2874 1144 2966 sit,
1154 2885 1178 2928 ¹1¹

166 2966 168 2971 ’
190 2974 278 3029 tanta
290 2970 449 3034 vetustate,
461 2982 521 3023 non
531 2982 632 3022 rerum
644 2961 745 3033 modo,
762 2962 814 3022 sed
830 2959 920 3022 etiam
934 2953 1129 3026 auctorum,d
1171 2978 1180 2989 ·

191 3068 260 3109 rere
271 3045 378 3130 possis.
417 3047 477 3137 Ap
491 3043 638 3104 Claudius
657 3041 768 3104 deinde
782 3050 813 3104 ot
827 3043 861 3102 P.
889 3041 1032 3102 Servilius
1056 3044 1181 3120 consuet

193 3129 277 3190 facti.
337 3125 469 3208 Insignrs
495 3121 544 3184 hic
571 3135 668 3186 annus
699 3129 746 3182 est
771 3121 883 3184 nuncio
903 3117 1062 3200 Tarquinii
1081 3113 1181 3177 morus

193 3209 337 3273 Mortuus
350 3214 398 3268 est
410 3204 525 3274 Cumis,
537 3206 597 3284 qo&
610 3225 653 3272 se,
665 3209 733 3284 post
743 3201 854 3262 fructas
868 3219 940 3282 opes
954 3199 1139 3264 Latinorum,
1150 3183 1181 3248 td

195 3289 423 3351 Aristodemum
437 3293 599 3366 tyrannum
617 3281 808 3362 contulerat.
838 3281 883 3352 Eu
905 3278 1016 3342 nuncio
1029 3271 1181 3342 erecti'Ps·

194 3377 268 3439 tres,
281 3376 383 3429 erecta
397 3366 498 3448 plebes
508 3385 520 3436 ς
531 3355 594 3424 'sed
607 3361 747 3424 Patribus
760 3358 849 3422 nimis
859 3359 1009 3422 luxurioso
1023 3380 1060 3422 ea
1072 3353 1129 3420 fuit
1140 3351 1183 3441 iffi·

166 3511 168 3516 ,
194 3450 283 3512 titia:
302 3448 392 3530 plebi,
405 3446 455 3506 cui
468 3444 506 3506 ad
515 3464 580 3505 eam
591 3442 672 3504 diem
685 3450 831 3502 commeo
852 3461 871 3520 e·
881 3440 1057 3502 inservitum
1069 3439 1183 3502 eratu-

191 3517 284 3614 juitire
305 3531 323 3589 ai
335 3526 513 3609 primoribus
525 3524 591 3586 fieri
611 3537 740 3604 coepere.
780 3463 894 3584 Eoiem
907 3539 986 3590 anno
1000 3519 1102 3605 Signia
1115 3509 1184 3574 0⁰¹⁰·

196 3615 258 3682 nia,
271 3630 361 3692 quarn
373 3627 428 3668 rex
441 3605 627 3686 Tarquinius
640 3603 817 3677 deduxerat,
831 3601 969 3694 suppleto
981 3619 1105 3664 numero
1110 3589 1184 3687 99¹⁰?

196 3712 313 3762 norum,
325 3687 433 3750 iterum
454 3685 586 3748 deducta
605 3682 661 3746 es't.
713 3685 818 3745 Romae
839 3683 933 3742 tribus
961 3703 1021 3746 una
1041 3685 1071 3754 et
1088 3671 1185 3755 wgllffl

196 3772 299 3836 uctae.
337 3769 434 3834 noes
446 3765 594 3829 Mercurii
606 3762 746 3830 dadiouta
759 3769 806 3828 est
817 3761 922 3827 idibus
934 3763 1036 3826 Maiis.
