2634 4392
580 285 710 348 urens
724 286 750 348 1.
790 241 811 286 ⁵
1131 290 1168 343 sa

99 473 101 488 ·
164 467 239 512 mum
262 448 365 510 Romae
382 445 513 514 babebit,
554 444 586 506 ui
600 444 871 526 uestrumprimus,
891 444 1064 524 bjuveaes,
1078 460 1166 502 oecu-

99 567 100 570 =
164 528 221 591 lum
234 529 325 589 matri
344 525 481 596 tulerit-’⁹
552 524 692 605 tarquinii,
711 531 747 584 ut
760 525 879 594 Sextus,
892 523 1060 602 quiRomae
1074 521 1162 582 relic·
1216 522 1217 529 ’

162 612 207 668 tus
227 608 337 678 fuerat,
357 607 478 688 ignarus
499 605 633 687 responsi
666 624 834 686 expersque
853 601 970 684 imperii
990 607 1080 687 esset,
1100 619 1164 661 rem

100 761 101 764 Ἴ
161 693 276 748 summa
296 707 353 768 ope
378 683 472 746 taceri
489 687 616 766 jubent;
644 684 702 767 ipsi
722 684 801 744 inter
815 705 857 753 se,
877 690 944 742 uter
963 681 1055 762 priua,
1072 701 1166 760 quum

161 767 284 829 Romam
304 767 463 835 redissent,
489 765 578 826 matri
602 764 739 826 osculum
765 763 860 832 daret,
885 761 958 823 sorti
999 761 1164 821 ermittunt.

160 843 280 916 Brutus,
301 846 361 907 alib
374 851 457 906 ratus
478 852 614 926 spectare
635 843 792 983 Ppthicam
812 864 925 912 vocem,
944 782 1029 900 velut
1048 839 1074 898 si
1094 861 1163 977 pro-

161 925 259 1006 lapsus
274 925 444 996 cecidisset,
464 931 574 986 terram
589 941 662 986 oscu
675 944 693 983 o
706 923 848 1005 contigit:
883 919 1095 998 scilicetqubt
1127 939 1163 980 ea

161 1007 324 1068 communis
348 1011 443 1066 mater
463 1004 594 1066 omnium
614 1003 785 1064 mortalium
805 1009 895 1063 esset.
935 1000 1079 1060 Raditum
1091 999 1161 1060 inde

159 1084 292 1156 Romam,
306 1085 356 1147 ubi
369 1083 513 1146 adversus
526 1085 655 1145 Rutulos
664 1084 781 1144 bellum
795 1089 911 1144 summa
924 1080 954 1140 vi
967 1081 1135 1160 parabatur.

196 1165 301 1226 LVII.
328 1166 461 1226 Ardeam
480 1164 587 1225 Rutuli
606 1164 762 1233 habebant,
782 1183 865 1246 gens,
884 1167 919 1221 ut
938 1159 969 1220 in
990 1180 1026 1219 ea
1045 1158 1164 1239 regione

158 1249 249 1324 atque
262 1245 295 1306 in
308 1266 343 1306 ea
357 1251 456 1314 aetate,
469 1244 582 1306 divitiis
596 1244 775 1326 prepollens
787 1265 796 1315 ;
809 1263 904 1322 eaque
917 1240 928 1300 i
950 1259 984 1316 sa
997 1259 1087 1299 causa
1099 1239 1162 1298 bel-

157 1323 177 1382 li
197 1324 267 1395 fuit,
282 1325 364 1405 qubd
388 1345 441 1385 rex
460 1327 613 1386 Mmanus
633 1329 698 1384 tum
710 1323 775 1404 ipse
789 1320 887 1393 ditari,
901 1262 1062 1382 exliaustus
1081 1339 1164 1399 mag-
1216 1364 1217 1393 3

157 1401 314 1465 nilicentia
334 1405 518 1484 publicorum
538 1424 671 1486 operum,
691 1410 755 1464 tum
769 1405 872 1485 prada
891 1400 1019 1462 delinire
1038 1398 1161 1488 popula-

156 1481 232 1544 rium
254 1483 369 1544 animos
389 1483 546 1555 studebat3
589 1490 679 1544 raeter
698 1482 789 1545 aliam
810 1481 978 1564 superbiam
997 1499 1088 1559 regno
1114 1498 1160 1536 m-
1216 1498 1217 1501 ¹

156 1561 249 1624 festos
264 1563 364 1632 etiam,
377 1563 458 1642 quod
472 1583 504 1626 se
518 1563 549 1623 in
567 1506 722 1624 labrorum
735 1562 907 1624 ministeriis
921 1581 957 1620 ac
971 1558 1071 1620 servili
1085 1563 1161 1618 tani-

156 1640 204 1702 diu
226 1643 345 1703 habitos
358 1663 455 1723 opere,
469 1647 505 1704 ab
525 1663 595 1724 rege
609 1643 849 1723 indignabantur.
890 1642 1022 1700 Tentata
1042 1660 1090 1699 res
1105 1644 1160 1706 est,

157 1721 180 1780 si
193 1722 292 1803 primo
306 1723 418 1802 impetu
440 1722 507 1802 capi
522 1722 624 1784 Ardea
638 1727 760 1802 posset3
780 1723 831 1781 ubi
843 1721 877 1780 idv
889 1740 994 1800 parum
1006 1717 1161 1799 processit,

156 1802 311 1863 obsidione
322 1800 596 1880 munitionibusque
611 1800 704 1881 coepti
717 1800 811 1881 premi
824 1802 934 1861 hostes.
948 1808 951 1816 “
974 1799 1012 1858 In
1025 1797 1062 1857 iis
1072 1798 1160 1858 stati-

158 1879 208 1950 vis,
224 1889 265 1942 ut
275 1882 311 1942 lit
324 1881 412 1974 longo
424 1883 522 1963 magis
532 1880 635 1960 quam
649 1881 711 1940 acri
730 1881 819 1950 bello,
830 1879 902 1940 satis
915 1877 1001 1940 liberi
1015 1899 1160 1940 commea⁴
1216 1948 1217 1953 η

156 1963 202 2019 tus
216 1967 326 2032 erant3
346 1961 521 2042 primoribus
535 1968 636 2022 tamen
650 1961 754 2043 magis,
771 1961 867 2041 'quim
880 1958 1033 2020 militibus.
1073 1959 1160 2040 Regii
1216 1964 1217 2005 3

155 2039 279 2117 quidem
295 2043 423 2133 juvenes
448 2041 600 2102 interdum
620 2040 714 2100 otium
735 2040 879 2102 conviviis
907 2039 1159 2099 commessationi·

155 2119 271 2199 busque
297 2127 376 2178 inter
397 2140 429 2178 se
449 2123 584 2179 terebant
595 2139 604 2188 ς
637 2119 715 2178 forte
734 2119 904 2198 potantibus
923 2119 969 2178 his
990 2120 1069 2200 apud
1091 2119 1159 2178 Sex.

155 2197 367 2278 Tarquinium,
380 2197 429 2257 ubi
452 2205 483 2258 et
496 2197 666 2259 Collatinus
687 2202 824 2258 coenabat
844 2199 1038 2276 Tarquinius,
1059 2201 1084 2258 ll
1106 2199 1161 2258 erii

158 2277 246 2348 lilius,
268 2276 376 2338 incidit
396 2279 434 2337 de
455 2276 596 2338 uxoribus
616 2275 749 2357 mentio:
783 2297 866 2337 snam
887 2276 1016 2356 quisque
1035 2221 1159 2338 laudare

157 2357 237 2417 miris
273 2355 409 2436 modisa
431 2355 504 2417 inde
531 2355 692 2418 certamine
716 2377 853 2428 accenso,
873 2354 1041 2416 Collatinus
1062 2364 1160 2438 negat,

155 2445 171 2472 '⁶
180 2436 282 2498 verbis
295 2456 369 2517 opus
383 2457 458 2506 esse,
471 2436 574 2518 paucis
588 2436 619 2497 id
633 2435 756 2517 quidem
768 2437 848 2496 boris
869 2456 956 2518 posse
971 2436 1050 2508 sciri,
1063 2458 1157 2516 quan-

158 2519 218 2576 tum
240 2516 361 2587 caeteris
376 2523 500 2598 praestet
521 2517 665 2578 Lucretia
678 2537 740 2576 sua.
782 2517 870 2590 Quin,
885 2517 909 2576 si
924 2517 1008 2598 vigor
1023 2520 1160 2597 juventae
1202 2579 1206 2584 ,

158 2594 245 2666 inest,
259 2595 488 2666 conscendimus
503 2617 605 2676 equos,
625 2592 840 2676 invisimusque
866 2606 1030 2677 praesentes
1043 2603 1158 2658 nostra-

158 2691 221 2734 rum
233 2675 377 2756 ingenia?
412 2675 447 2738 ld
465 2677 572 2756 cuique.
594 2676 845 2758 spectatissimum
864 2676 913 2746 sit,
927 2677 1007 2756 quod
1028 2698 1084 2737 nec
1099 2678 1163 2758 opi-
1216 2742 1218 2757 ‚

159 2761 225 2816 nato
235 2754 294 2816 vin'
305 2756 436 2818 adventu
445 2757 607 2818 occurrerit
617 2757 744 2817 oculis.”
766 2757 1038 2818 lucaluerantvino
1049 2779 1059 2830 3
1079 2770 1160 2839 “age
1216 2760 1218 2823 Ι

159 2837 259 2905 sans,”
277 2855 398 2906 omnes;
419 2836 519 2898 citatis
540 2837 627 2916 equis
639 2837 783 2898 advolant
798 2837 932 2912 Romam.
972 2837 1039 2911 Qus
1058 2858 1160 2916 quum,
1216 2830 1217 2895 l

159 2915 257 2992 primis
274 2935 306 2974 se
319 2913 543 2976 intendentibus
556 2917 697 2986 tenebris,
710 2916 926 2997 pervenissent,
948 2925 1076 2998 pergunt
1089 2917 1161 2978 inde
1216 2926 1217 2985 l

160 2991 341 3065 Collatiamz
362 2995 411 3054 ubi
433 2991 616 3064 Lucretiam}
634 2996 866 3076 haudquaquam
886 3002 922 3056 ut
941 2998 1037 3077 remes
1057 3017 1160 3068 nurus,
1216 3052 1217 3055 ,

160 3091 228 3150 quas
250 3073 281 3136 in
305 3071 440 3134 convivio
460 3072 592 3152 luxuque
613 3094 682 3134 cum
701 3077 864 3154 equalibus
884 3076 1023 3136 viderant
1043 3081 1161 3157 tempus

158 3155 298 3232 tepentes,
311 3153 364 3214 sed
379 3160 467 3214 nocte
482 3159 549 3212 sert
563 3153 695 3214 deditam
707 3154 786 3216 lanae
801 3155 881 3215 inter
901 3156 1092 3217 lucubrantes
1105 3177 1158 3217 an·

160 3231 241 3295 cillas
255 3234 288 3294 in
302 3233 400 3294 medio
421 3232 527 3293 aedium
542 3234 697 3294 sedentem
710 3233 877 3295 inveniunt
916 3235 1074 3294 Muliebris
1096 3256 1160 3296 oer-
1216 3266 1217 3271 ¹

160 3313 277 3374 laminis
290 3315 355 3374 laus
369 3333 461 3396 penes
476 3313 647 3374 Lucretiam
658 3313 716 3373 fuit
729 3335 738 3385 ;
759 3314 921 3375 adveniens
929 3313 975 3375 vir
986 3315 1159 3394 Tarquinii·

160 3409 216 3468 que
230 3394 349 3475 excepti
373 3392 519 3475 benignt3
552 3394 647 3454 victor
662 3394 785 3456 maritus
799 3394 923 3456 comiter
943 3393 1051 3456 invitat
1064 3397 1159 3478 regios
1216 3412 1217 3437 ³

158 3469 291 3547 juvenes
350 3471 396 3534 lbi
417 3473 485 3534 Sex.
500 3471 704 3552 ,Tarquinium
724 3475 804 3536 mala
824 3473 915 3534 libido
935 3474 1084 3536 Lucretio)¹
1106 3498 1160 3557 per

161 3549 215 3610 vim
225 3551 393 3632 stuprandas
403 3553 501 3634 capit3
515 3559 579 3612 tum
584 3553 687 3626 forma,
694 3556 728 3615 ¹tu
733 3576 761 3614 m
769 3561 904 3636 spectata
912 3555 1033 3616 castitas
1043 3555 1158 3616 incitat

163 3626 199 3689 llt
210 3646 276 3700 tum
287 3631 407 3710 quidem
418 3637 454 3694 ab
468 3646 613 3696 nocturno
623 3635 751 3716 juvenili
764 3635 834 3694 ludo
844 3634 876 3695 in
890 3647 989 3696 castra
1002 3634 1137 3695 redeunt
1162 3704 1165 3714 Ι

199 3711 315 3772 LVlll.
337 3712 443 3774 Paucis
457 3713 623 3794 interjectis
637 3714 751 3785 (liebus,
776 3716 843 3794 Sex.
857 3714 1049 3795 Tarquinius,
1063 3713 1164 3776 inscio

164 3785 317 3865 Collatino,
339 3812 407 3856 eum
427 3793 544 3934 conaitq1
556 3814 614 3934 qno
636 3793 795 3858 Collatiam
815 3792 918 3865 venit3
944 3795 995 3855 rubi
1014 3802 1157 3879 exceptus
