2634 4392
93 213 94 282 3
155 297 212 356 res
567 257 729 359 rssarnr
816 215 825 218 -
872 229 879 237 ἡ

158 451 296 522 dictator,
315 449 457 533 magistro
477 450 612 533 equitum
627 442 988 533 equiubusque,³tum'er
1006 447 1152 509 monum·

160 533 301 608 Quinctio
327 531 433 601 accito,
454 533 592 612 proelium
628 533 721 603 ciens,
741 534 806 614 ipse
827 531 859 590 in
875 529 1034 590 ‘sinistrum
1054 548 1152 599 eomu,
1223 538 1225 589 :

159 611 249 691 quod,
257 610 397 674 incendio
411 611 537 673 similius
550 614 640 692 quim
649 611 767 694 proelio,
781 609 918 672 territum
929 604 1063 668 eessera't
1074 607 1155 668 dam-

158 690 224 761 mis,
238 691 388 754 accurrit:
410 689 551 772 claraque
561 713 645 763 voce,
658 694 823 753 “Fumone
837 689 944 760 nietiss’
956 688 1068 766 inquit,
1080 700 1099 727 ‘¹
1109 706 1156 748 ve·

159 772 205 832 lut
226 783 350 832 examen
370 791 458 852 apum
476 773 543 834 loeo
563 780 664 836 vestro
683 771 793 853 exacti,
805 768 914 830 inermi
927 769 1042 852 cedetis
1061 767 1157 828 hostii

157 849 230 912 Non
250 847 331 911 ferro
353 851 552 934 exstinguetis
571 854 681 936 ignes?
710 872 771 915 non
784 851 866 911 faces
886 849 940 910 has
950 848 1032 932 ipsas
1052 865 1108 928 pro
1127 867 1156 906 se

158 931 297 1072 quisque,
311 929 336 994 si
350 929 420 1012 igni,
434 951 493 992 non
508 933 585 1006 telis,
609 933 802 1016 pugnandum
816 935 871 1000 est,
894 935 1012 1008 ereptus
1024 927 1105 986 ultro
1115 926 1158 987 in·

172 1011 286 1079 eretis?
307 1011 408 1092 Agite,
428 1011 557 1074 nominis
570 1013 699 1074 Romani
718 1033 753 1073 ae
767 1010 887 1070 virtutis
900 1015 1018 1101 patrum
1038 1013 1158 1067 vestrae·
1223 990 1225 1085 i

160 1111 220 1172 que
239 1093 397 1161 memores,
410 1092 518 1152 vertite
538 1093 712 1154 incendium
724 1093 781 1152 hoc
794 1088 826 1149 in
838 1089 968 1148 hostium
989 1089 1113 1158 urbem3
1130 1091 1160 1146 et
1223 1096 1225 1147 Ι

160 1169 223 1231 suis
242 1169 370 1232 flammis
384 1171 484 1233 delete
498 1171 638 1243 Fidenas,
653 1173 734 1252 'quas
748 1167 859 1230 vestris
877 1166 1031 1251 benefieiis
1044 1167 1160 1248 piscare
1223 1180 1225 1239 ξ

160 1269 219 1310 non
247 1251 396 1330 potuistis.
437 1253 617 1344 Legatomm
637 1251 693 1312 hoc
713 1269 766 1310 vos
787 1253 955 1308 vestrorum
973 1247 1161 1327 polonorum·
1223 1250 1225 1323 ζ

150 1329 221 1408 ’ῳιι
235 1330 365 1415 sanguis,
387 1334 554 1408 vastatique
575 1330 650 1390 fines
665 1330 799 1389 monet''
841 1327 892 1386 nd
915 1326 1075 1406 imperium
1098 1325 1158 1385 dio·
1223 1338 1225 1393 j

162 1409 266 1470 tatoris
292 1417 374 1474 mota
394 1413 503 1468 cuncta
518 1407 620 1470 'aciest
641 1408 723 1470 faces
743 1406 853 1488 partim
873 1406 989 1466 emissae
1011 1401 1160 1487 excipiun·
1223 1414 1225 1469 ἱ

162 1491 221 1558 tur,
234 1488 343 1570 partim
357 1486 387 1546 vi
400 1486 587 1569 eripiuntur:
608 1495 736 1567 utraque
746 1487 828 1548 acies
841 1492 975 1546 armatur
983 1484 1056 1572 igni.
1093 1486 1162 1545 Ma·
1223 1498 1225 1531 ⁵

162 1567 255 1648 gister
267 1566 402 1646 equitum
423 1566 532 1648 etipse
545 1575 637 1630 novat
656 1581 786 1648 pugnam
800 1571 990 1645 equestrem3
1010 1564 1106 1625 frenos
1128 1571 1164 1627 ut
1223 1540 1225 1595 Ι

163 1645 325 1710 detrahant
345 1646 442 1727 equis,
462 1646 610 1728 imperat:
630 1653 663 1707 et
675 1646 740 1730 ipse
752 1645 902 1727 princeps,
916 1645 1078 1721 calcaribus
1090 1647 1163 1705 sub·
1223 1598 1225 1705 i

131 1767 133 1771 ,
160 1725 237 1787 ditis
251 1731 383 1798 evectus,
396 1727 509 1788 effreno
526 1747 604 1808 equo
617 1727 649 1786 in
662 1725 777 1787 medios
796 1726 881 1806 ignes
894 1725 1041 1795 infertur:
1061 1729 1093 1784 et
1111 1723 1163 1784 aiii

164 1805 308 1868 concitati
328 1807 398 1886 equi
411 1807 504 1868 libero
519 1827 607 1868 eursu
621 1807 722 1866 serunt
735 1805 867 1886 equitem
883 1804 916 1863 in
928 1805 1053 1866 hostem.
1093 1804 1164 1864 Pul·

160 1889 212 1964 uis
225 1886 332 1972 elutus,
353 1886 523 1965 mixtusque
536 1886 626 1955 fumo,
650 1887 750 1944 iucem
763 1904 801 1957 ex
815 1884 911 1944 oculis
924 1878 1054 1944 virorum
1077 1903 1165 1963 equo·

165 1975 292 2042 rumque
313 1965 430 2036 autert3
457 1985 502 2034 ea,
523 1985 592 2046 quae
616 1963 741 2026 militem
763 1969 921 2032 terruerat,
951 1963 1068 2043 species
1092 1962 1164 2023 nihil

165 2042 273 2106 terruit
294 2063 386 2124 equos
397 2064 407 2116 3
433 2043 527 2106 mine
551 2043 561 2102 i
581 2044 641 2106 'tur
667 2043 796 2105 similem
820 2049 949 2125 stragem
969 2061 1073 2136 eques,
1092 2063 1163 2122 qna-

166 2143 286 2204 ounque
305 2129 489 2204 pervaserat,
512 2123 550 2184 de
572 2125 606 2184 it.
645 2122 766 2185 Clamor
787 2123 897 2185 deinde
916 2121 1029 2184 accidit
1051 2141 1163 2182 novust

167 2203 220 2284 qui
233 2223 325 2282 quum
341 2211 497 2283 utramque
512 2202 720 2264 mirabundam
732 2203 765 2264 in
778 2223 811 2264 se
825 2203 920 2265 aciem
933 2202 1085 2272 vertisset,
1106 2201 1164 2261 die·

166 2290 246 2346 tator
259 2285 427 2354 exclamat;
458 2295 476 2320 “
486 2277 660 2358 Quinctium
671 2281 803 2365 legatum
818 2290 850 2344 et
868 2303 937 2344 suos
950 2286 988 2343 ab
1001 2289 1087 2374 tergo
1101 2282 1162 2342 nos·

167 2371 230 2423 tem
244 2364 364 2426 adortos
376 2367 407 2422 :’'
428 2363 502 2444 ipse,
515 2363 718 2444 redintegrato
732 2363 871 2441 elamore,
891 2362 984 2422 infert
996 2365 1095 2422 sends
1107 2361 1165 2442 sig-

169 2462 217 2502 ne.
264 2443 362 2515 Quum
385 2444 454 2520 dure
481 2442 570 2513 acies,
590 2443 650 2502 duo
671 2442 790 2502 diversa
810 2440 927 2522 proeliu,
947 2442 1166 2502 circumuentos

132 2546 133 2550 ¹
168 2523 312 2582 Etruscos
323 2523 387 2582 etd
405 2522 504 2590 fronte
518 2529 549 2583 et
569 2525 605 2583 ab
623 2528 707 2604 tergo
726 2527 897 2603 unguerem,
916 2534 1015 2599 neque
1024 2521 1056 2581 in
1072 2527 1168 2583 eastra

167 2602 259 2670 retrd,
272 2619 370 2680 neque
382 2601 414 2662 in
433 2607 558 2671 montes,
571 2601 651 2664 unde
672 2622 705 2663 se
718 2620 812 2662 nonus
825 2600 917 2661 hostis
930 2602 1093 2681 objecerat,
1115 2599 1169 2660 iter

168 2681 246 2761 fugin
268 2688 358 2750 esset,
378 2688 410 2742 et
436 2681 569 2760 equitem
599 2682 709 2762 passim
739 2679 825 2740 liberi
845 2679 939 2740 frenis
973 2679 1170 2761 dispulissent

172 2759 252 2838 equi,
266 2760 438 2839 Vejentium
453 2759 594 2828 maxima,
613 2780 661 2820 ars
674 2759 808 2821 Tiberim
823 2759 909 2820 effusi
922 2765 1039 2842 petunt.
1081 2760 1171 2820 Fide·

153 2838 286 2916 natium
328 2838 359 2897 ui
374 2845 543 2920 supersunt,
562 2781 612 2900 ad
622 2842 725 2900 urbem
745 2838 876 2900 Fidenas
895 2839 1034 2900 tendunt.
1076 2839 1172 2899 infert

171 2919 295 3000 pavidos
306 2859 379 3002 iugo
397 2920 429 2980 in
439 2919 568 2980 mediam
579 2920 712 2980 eaedems
732 2918 1098 3010 obtnrncanturinripis:
1120 2919 1173 2980 sii·
1223 2936 1225 2977 ι

172 3019 206 3059 os
229 2997 380 3078 inaquam
395 2998 571 3080 compulsos,
582 2999 713 3082 gurgites
727 2999 848 3060 ferunt:
869 2997 958 3059 etium
972 3006 1089 3077 pentos
1100 3017 1175 3058 nau·
1223 3012 1225 3123 q

174 3078 206 3138 di
225 3078 371 3139 lassitudo
391 3083 422 3140 et
441 3079 566 3140 vulnera
578 3086 610 3140 et
622 3099 714 3161 pavor
726 3081 908 3160 degravant3
926 3077 1017 3170 pauci
1038 3098 1079 3138 ex
1099 3077 1179 3140 mul·

172 3157 212 3216 tis
225 3163 346 3219 tranant
354 3178 365 3230 ;
384 3161 511 3238 alterum
525 3179 631 3240 agmen
644 3159 739 3220 fertur
748 3179 802 3238 per
819 3165 921 3220 ‘eastra
930 3174 962 3217 ιιι
975 3160 1104 3230 urbem3
1126 3165 1178 3217 ea·

174 3236 243 3294 dem
258 3244 288 3296 et
301 3238 448 3300 Romanos
463 3237 622 3317 sequenies
634 3239 764 3338 impetus
778 3235 874 3317 rapit;
895 3237 1072 3317 Quinotium
1095 3255 1182 3298 max·

177 3314 245 3382 ime,
266 3321 375 3377 etcum
389 3337 424 3380 eo
438 3318 593 3398 degressos
607 3318 695 3378 modo
707 3316 746 3378 de
758 3317 919 3388 montibus,
931 3319 1184 3378 recentissimum

177 3396 213 3456 sd
230 3393 358 3456 laborem
371 3396 506 3465 militem,
520 3395 702 3477 quiaultimo
716 3396 822 3478 proelio
830 3399 1001 3460 advenerat
1124 3396 1128 3401 ’

217 3473 358 3532 XXXIV.
380 3479 382 3483 '
398 3476 449 3546 Hi,
462 3483 618 3558 postquam
632 3476 718 3536 mixti
733 3476 870 3554 'hostibus
883 3483 998 3557 portam
1012 3477 1186 3545 intravere,

175 3553 207 3612 in
231 3571 330 3614 muros
355 3555 505 3627 evadunt3
526 3556 648 3636 suisque
669 3555 749 3638 cepti
772 3557 872 3638 oppidi
892 3556 1009 3637 signum
1029 3576 1071 3617 ex
1094 3559 1187 3617 inore

177 3633 295 3692 tollunt
335 3633 422 3706 Quod
447 3635 497 3694 ubi
518 3635 646 3706 dictator
673 3635 837 3716 conspexit,
863 3637 935 3717 (jam
962 3636 1042 3697 enim
1065 3644 1103 3698 et
1116 3637 1187 3718 ipse
1223 3684 1225 3697 ι

138 3757 141 3762 .
176 3710 207 3772 in
222 3711 340 3772 deserta
353 3710 479 3776 nostium
494 3720 593 3776 castra
614 3716 834 3808 penetraverat)
856 3716 1025 3796 cupientem
1046 3718 1187 3778 militent
1223 3704 1225 3757 ¹

175 3789 343 3850 discurrere
357 3791 395 3850 ad
409 3792 553 3872 praedam,
573 3813 625 3873 spe
646 3795 759 3876 injectu
774 3795 892 3874 majoris
905 3796 937 3853 in
951 3798 1024 3854 urbe
1044 3798 1185 3875 praedae.

173 3867 211 3924 ud
233 3875 347 3944 portam
368 3869 454 3930 ducit
464 3889 475 3941 3
495 3880 693 3953 receptusque
717 3873 797 3934 intre
813 3872 963 3935 murenis
977 3891 1097 3944 urcem,
1121 3875 1187 3954 que
