2634 4392
167 296 207 352 5⁸
447 317 452 326 ·
587 293 617 352 Τ
631 292 748 354 .LIVII

160 449 611 520 -saaentJamtlial-'abiorumidbellnm
620 453 753 512 gerendum
764 452 901 516 depoposcit
910 469 918 510 ς
932 453 1105 516 misitqneinid
1115 459 1168 502 tre·

167 519 250 558 centua
259 526 299 557 sex
319 517 431 568 matos,
441 524 482 570 qm
499 511 530 555 ad
550 510 692 558 Cremeram
703 513 733 558 ad
744 528 818 560 unum
828 514 858 559 ab
868 513 974 561 hostibus
988 515 1043 561 oaesi
1053 524 1109 561 sont
1118 529 1169 562 uno

166 571 292 677 ipffibse
301 568 366 616 domi
375 571 467 616 relicto.
496 569 587 618 LVIII.
602 571 669 618 LIX.
685 573 734 632 Ap.
745 573 859 619 Claudius
868 575 959 631 consul,
968 590 1042 635 quum
1053 575 1170 622 edraim

286 629 637 679 cocitumaoitexercitdsmale
682 639 796 692 agnatum
812 639 884 690 esset,
908 634 1030 680 decImurn
1060 649 1167 695 nemque

164 688 268 736 rnilitum
282 687 479 759 fmepermsait.
520 689 574 739 LX.
597 689 642 736 lac.
658 647 708 738 lies
732 700 850 754 praeterea
863 693 989 740 adversum
1014 694 1039 742 V
1075 707 1126 753 cos,
1142 699 1168 739 et
1224 733 1225 738 ,

167 747 267 810 rsqooe,
276 755 302 796 et
311 749 605 810 VeJentea,eteedrtmnes
614 751 678 798 inter
687 751 771 798 Patres
781 751 924 814 plebemque
935 753 1048 800 continet.
1224 761 1225 770 ¹

204 948 231 1008 I.
251 949 397 1010 LIBERI
411 953 476 1032 jam
495 951 565 1012 hinc
585 951 688 1034 populi
707 953 836 1014 Romani
856 971 913 1024 res,
934 972 1007 1034 pace
1026 953 1167 1033 belloque

135 1025 140 1038 ⁴
163 1036 273 1110 gestas,
303 1049 416 1090 annuos
442 1032 643 1114 magistratus,
664 1033 847 1114 imperiaque
867 1034 975 1114 legum,
995 1033 1168 1114 potentiora

166 1127 257 1188 quam
270 1110 437 1180 bominum,
458 1133 605 1194 peragam.
654 1113 734 1188 Quae
763 1115 883 1176 libertas
904 1119 938 1172 nt
958 1111 1056 1174 laetior
1076 1121 1168 1184 esset,

165 1189 292 1270 proximi
307 1190 383 1271 regis
396 1193 533 1272 superbia
553 1193 687 1264 fecerat3
708 1213 777 1254 nam
798 1194 909 1276 priores
929 1191 973 1254 ita
994 1201 1168 1274 regnarunt,

165 1276 200 1329 ut
213 1270 291 1329 baud
312 1269 458 1331 immerito
472 1292 575 1332 omnes
595 1273 738 1354 deinceps
752 1273 919 1334 conditores
932 1273 1062 1354 partium
1083 1276 1167 1334 certe

125 1407 133 1423 ‚
165 1347 257 1418 urbis,
270 1369 345 1428 quas
358 1370 450 1410 novas
463 1351 520 1432 ipsi
534 1353 620 1412 sedes
633 1355 671 1412 ab
684 1373 718 1413 se
731 1361 828 1414 auctae
843 1353 1029 1426 multitudini
1038 1353 1167 1414 addide-

163 1435 246 1497 runt,
259 1438 472 1501 numerentur;
490 1453 589 1512 neque
603 1433 772 1514 ambigitur,
794 1433 868 1514 quin
883 1435 994 1494 Bmtus
1008 1434 1098 1503 idem,
1111 1434 1166 1512 qui
1225 1463 1226 1472 ¹

138 1538 140 1542 ·
164 1513 284 1568 tantum
296 1510 409 1590 gloriae,
423 1512 555 1590 Superbo
565 1521 672 1574 exacto
683 1535 761 1595 rege,
776 1514 892 1582 meruit,
905 1513 1032 1593 pessimo
1046 1513 1167 1594 publico

164 1587 198 1647 id
219 1588 353 1648 facturus
366 1588 465 1657 fuerit,
480 1591 506 1648 si
519 1592 666 1652 libertatis
686 1593 853 1654 immaturae
876 1593 1014 1673 cupidine
1035 1593 1168 1672 priorum

165 1687 271 1748 regum
282 1666 372 1726 alicui
386 1687 511 1747 regnum
524 1669 706 1730 extorsisset.
747 1671 827 1744 Quid
847 1673 926 1732 enim
946 1671 1079 1732 futurum
1100 1671 1169 1742 fuit,

166 1746 266 1808 siilla
290 1752 440 1826 pastorum
462 1764 722 1826 convenammque
755 1753 849 1830 plebs,
870 1749 1024 1830 transfuga
1044 1770 1082 1810 ex
1103 1752 1166 1810 suis

165 1827 294 1918 populis,
307 1827 361 1885 sub
374 1825 470 1885 tutela
489 1827 624 1886 inviolati
638 1827 741 1904 templi
754 1834 807 1891 aut
821 1827 996 1896 libertatem,
1010 1839 1063 1888 aut
1083 1832 1168 1890 certe

163 1906 380 1986 impunitatem,
392 1905 511 2043 adepta,
530 1905 628 1963 soluta
640 1902 721 1994 regio
742 1912 832 1972 metu,
846 1905 952 1983 agitari
972 1914 1071 1986 crepta
1086 1917 1169 1971 esset

164 1985 332 2046 tribuniciis
351 1985 451 2066 procel
466 1984 515 2041 'si
546 1989 580 2042 et
591 1982 622 2041 in
635 1982 733 2042 aliena
747 1985 818 2042 orbe
833 2001 900 2043 curu
916 1983 1052 2044 Patribus
1067 2006 1168 2050 serere

165 2066 339 2135 certamina,
352 2064 523 2144 priusquam
544 2061 665 2144 pignora
679 2063 836 2144 conjugum
856 2084 892 2124 ac
905 2065 1075 2136 liberorum,
1089 2064 1167 2128 cari-

165 2153 275 2226 tasque
287 2144 380 2226 ipsius
393 2143 459 2213 soli,
473 2141 523 2202 eui
536 2143 622 2224 longo
635 2148 768 2222 ternpore
780 2143 973 2216 assuescitur,
986 2146 1101 2206 animos
1115 2169 1166 2208 eo·
1226 2209 1227 2222 ¹

164 2247 231 2286 rum
246 2224 471 2286 consociasset?
505 2222 665 2304 Dissipatae
676 2223 726 2283 'res
740 2225 871 2286 nondum
885 2225 996 2286 adultae
1012 2226 1166 2289 discordia

165 2306 263 2368 forent
274 2329 284 2378 ;
303 2325 378 2387 quas
392 2303 467 2364 fovit
486 2303 648 2382 tranquilla
661 2303 823 2365 moderatio
844 2305 970 2386 imperii,
991 2307 1086 2386 e*que
1106 2327 1163 2366 nu·
1226 2353 1227 2382 ,

163 2387 283 2447 biendo
340 2385 450 2455 rduxit,
470 2391 505 2447 ut
534 2387 638 2445 bonam
659 2383 774 2466 frugem
795 2385 940 2446 libertatis
961 2386 1083 2446 maturis
1100 2389 1164 2467 jam
1226 2437 1227 2446 ,

163 2467 276 2528 viribus
302 2486 366 2525 erre
388 2471 516 2546 possent
556 2464 719 2526 Libertatis
731 2473 830 2526 autem
851 2466 992 2548 originem
1007 2467 1079 2528 inde
1100 2487 1162 2526 ma·
1226 2525 1227 2530 ,

185 2547 218 2616 ‘s,
232 2547 303 2626 quia
316 2565 448 2620 annuum
460 2545 616 2626 imperinm
627 2547 783 2606 consulare
794 2545 907 2606 facturn
918 2554 973 2616 est,
979 2566 1019 2626 qu
1033 2568 1069 2606 m
1081 2546 1164 2626 quud
1226 2583 1227 2632 p

154 2567 349 2687 *deminutum
363 2625 522 2720 quicquam
535 2626 576 2685 sit
588 2647 626 2687 ex
639 2627 721 2719 regia
734 2635 890 2708 potestate,
904 2645 1050 2688 numeres·
1091 2627 1163 2685 Om-

163 2707 214 2767 nia
236 2709 315 2787 jura,
329 2706 427 2766 omnia
446 2706 574 2788 insignia
590 2705 681 2846 primi
702 2708 840 2768 consoles
860 2715 1002 2768 tenuere:
1022 2706 1053 2766 id
1075 2705 1165 2766 modd
1226 2767 1227 2770 ,

162 2794 284 2847 cautum
298 2794 355 2857 est,
369 2806 417 2855 ne,
440 2786 466 2845 si
485 2788 571 2847 ambo
602 2807 688 2847 asces
701 2787 858 2856 baberent,
879 2785 1048 2867 duplicatus
1069 2791 1165 2845 terror
1226 2791 1227 2862 ξ

161 2865 323 2926 videretur.
365 2867 478 2926 Brutus
491 2865 581 2947 prior,
597 2868 783 2932 concedente
796 2869 920 2968 collega,
933 2865 1031 2932 fasces
1043 2865 1147 2925 babuit
1155 2883 1164 2934 ς
1226 2875 1227 2896 i

163 2947 215 3024 qui
229 2965 289 3005 non
303 2946 401 3006 acrior
414 2946 524 3007 vindex
548 2946 694 3007 libertatis
714 2947 821 3017 fuerat,
834 2967 925 3027 quom
939 2945 1047 3007 deinde
1061 2950 1163 3004 custos
1226 2963 1227 3016 t

161 3025 228 3086 firit.
268 3025 409 3086 Omnium
419 3026 548 3106 primdm
560 3026 683 3088 avidum
696 3047 782 3088 novae
802 3026 947 3090 libertatis
961 3025 1114 3104 populum,
1126 3043 1163 3084 ne

160 3107 348 3186 postmodum
369 3105 451 3166 flecti
472 3106 607 3198 precibus
626 3113 681 3168 aut
704 3106 792 3166 donis
812 3106 901 3184 regiis
920 3109 1028 3184 posset,
1034 3104 1163 3240 i'puram-

160 3185 257 3246 raudo
276 3184 385 3276 adegit,
405 3203 551 3244 nemiuem
574 3187 678 3248 Romae
700 3203 837 3263 passuros
860 3201 993 3262 regnare.
1065 3181 1164 3252 einde,

161 3265 222 3344 que
236 3265 303 3344 plus
317 3263 424 3324 virium
445 3264 477 3322 in
498 3271 603 3324 senatu
623 3261 792 3340 frequentia
803 3261 892 3321 etiarn
906 3259 1018 3322 ordinis
1037 3261 1162 3330 faceret,

162 3343 296 3405 caedibus
317 3344 396 3426 regis
426 3343 611 3404 deminutum
644 3343 768 3401 Patrum
788 3359 952 3408 numerum,
985 3339 1163 3420 primoribus

161 3423 310 3502 equestris
324 3424 436 3506 gradus
456 3423 553 3492 lectis,
574 3423 612 3483 ad
633 3426 833 3482 trecentorum
847 3436 991 3480 summam
1006 3421 1162 3501 explevit;

159 3504 364 3583 traditumque
384 3503 455 3563 iude
467 3502 571 3574 fertur,
583 3507 619 3561 ut
629 3502 661 3563 in
676 3505 812 3578 senatum
831 3507 1018 3570 vocarentur,
1032 3500 1083 3592 qui
1105 3501 1163 3561 Pa·

160 3589 232 3654 tres,
265 3583 377 3663 quique
397 3581 558 3663 conscripti
589 3587 691 3642 essent
703 3601 712 3652 ;
746 3580 939 3664 conscriptos,
959 3580 1110 3648 videhcet
1130 3579 1161 3640 in

159 3683 272 3725 novum
300 3668 435 3724 senatum
455 3661 644 3744 appellabant
664 3661 767 3722 lectos.
821 3659 857 3722 ld
887 3660 993 3720 mirum
1016 3669 1162 3738 quantum

159 3742 273 3834 prpfoit
285 3742 324 3804 ad
335 3741 523 3807 concordiam
536 3741 666 3806 civitatis
674 3742 903 3826 iungendosque
916 3740 1052 3805 Patribus
1065 3739 1160 3820 plebis

160 3837 283 3886 311111ὶο8»
537 3845 541 3850 “
