<?xml version="1.0" encoding="UTF-8"?>
<!DOCTYPE html PUBLIC "-//W3C//DTD XHTML 1.0 Transitional//EN"
    "http://www.w3.org/TR/xhtml1/DTD/xhtml1-transitional.dtd">
<html xmlns="http://www.w3.org/1999/xhtml" xml:lang="en" lang="en">
 <head>
  <title>
</title>
<meta http-equiv="Content-Type" content="text/html;charset=utf-8" />
  <meta name='ocr-system' content='tesseract 3.04.00' />
  <meta name='ocr-capabilities' content='ocr_page ocr_carea ocr_par ocr_line ocrx_word'/>
</head>
<body>
  <div class='ocr_page' id='page_1' title='image "./titiliviipatavi02livygoog_0152.png"; bbox 0 0 2634 4392; ppageno 0'>
   <div class='ocr_carea' id='block_1_1' title="bbox 90 265 744 366">
    <p class='ocr_par' dir='ltr' id='par_1_1' title="bbox 90 237 744 375">
     <span class='ocr_line' id='line_1_1' title="bbox 90 265 744 366; baseline -0.017 -17"><span class='ocrx_word' id='word_1_1' title='bbox 90 265 221 351; x_wconf 76' lang='lat' dir='ltr'>&#39;rer</span> <span class='ocrx_word' id='word_1_2' title='bbox 433 358 437 366; x_wconf 20' lang='lat'><strong><em>⁴</em></strong></span> <span class='ocrx_word' id='word_1_3' title='bbox 583 280 623 341; x_wconf 80' lang='lat' dir='ltr'>r.</span> <span class='ocrx_word' id='word_1_4' title='bbox 636 274 744 340; x_wconf 80' lang='lat' dir='ltr'>mvn</span> 
     </span>
    </p>
   </div>
   <div class='ocr_carea' id='block_1_2' title="bbox 90 419 1171 3951">
    <p class='ocr_par' dir='ltr' id='par_1_2' title="bbox 90 419 1165 2433">
     <span class='ocr_line' id='line_1_2' title="bbox 90 419 1161 527; baseline -0.001 -25"><span class='ocrx_word' id='word_1_5' title='bbox 90 419 91 502; x_wconf 65' lang='lat' dir='ltr'>l</span> <span class='ocrx_word' id='word_1_6' title='bbox 159 449 226 514; x_wconf 88' lang='lat' dir='ltr'>bus,</span> <span class='ocrx_word' id='word_1_7' title='bbox 247 442 328 506; x_wconf 87' lang='lat' dir='ltr'>unde</span> <span class='ocrx_word' id='word_1_8' title='bbox 342 439 458 521; x_wconf 74' lang='lat' dir='ltr'>Aspero</span> <span class='ocrx_word' id='word_1_9' title='bbox 472 437 562 510; x_wconf 85' lang='lat' dir='ltr'>etiam</span> <span class='ocrx_word' id='word_1_10' title='bbox 575 437 704 499; x_wconf 87' lang='lat' dir='ltr'>inditum</span> <span class='ocrx_word' id='word_1_11' title='bbox 718 442 765 499; x_wconf 88' lang='lat' dir='ltr'>est</span> <span class='ocrx_word' id='word_1_12' title='bbox 785 456 956 527; x_wconf 79' lang='lat' dir='ltr'>cognomen,</span> <span class='ocrx_word' id='word_1_13' title='bbox 976 437 1161 501; x_wconf 82' lang='lat' dir='ltr'>tribunatum</span> 
     </span>
     <span class='ocr_line' id='line_1_3' title="bbox 161 514 1159 606; baseline -0.006 -21"><span class='ocrx_word' id='word_1_14' title='bbox 161 523 263 606; x_wconf 80' lang='lat' dir='ltr'>gessit</span> <span class='ocrx_word' id='word_1_15' title='bbox 315 523 392 583; x_wconf 90' lang='lat' dir='ltr'>Inde</span> <span class='ocrx_word' id='word_1_16' title='bbox 413 520 459 579; x_wconf 88' lang='lat' dir='ltr'>M.</span> <span class='ocrx_word' id='word_1_17' title='bbox 473 518 624 599; x_wconf 84' lang='lat' dir='ltr'>Geganius</span> <span class='ocrx_word' id='word_1_18' title='bbox 639 518 813 578; x_wconf 73' lang='lat' dir='ltr'>Macerinus</span> <span class='ocrx_word' id='word_1_19' title='bbox 837 523 867 579; x_wconf 89' lang='lat' dir='ltr'>et</span> <span class='ocrx_word' id='word_1_20' title='bbox 881 514 918 577; x_wconf 67' lang='lat' dir='ltr'>C)</span> <span class='ocrx_word' id='word_1_21' title='bbox 926 518 1038 588; x_wconf 83' lang='lat' dir='ltr'>Julius,</span> <span class='ocrx_word' id='word_1_22' title='bbox 1052 538 1159 579; x_wconf 89' lang='lat' dir='ltr'>consu·</span> 
     </span>
     <span class='ocr_line' id='line_1_4' title="bbox 90 596 1162 685; baseline -0.007 -20"><span class='ocrx_word' id='word_1_23' title='bbox 90 633 92 646; x_wconf 81' lang='lat'><em>=</em></span> <span class='ocrx_word' id='word_1_24' title='bbox 162 600 303 685; x_wconf 3' lang='lat' dir='ltr'>lespfacti,</span> <span class='ocrx_word' id='word_1_25' title='bbox 321 601 468 662; x_wconf 74' lang='lat' dir='ltr'>coitiones</span> <span class='ocrx_word' id='word_1_26' title='bbox 489 599 682 667; x_wconf 86' lang='lat' dir='ltr'>tribunorum,</span> <span class='ocrx_word' id='word_1_27' title='bbox 703 596 846 657; x_wconf 86' lang='lat' dir='ltr'>adversus</span> <span class='ocrx_word' id='word_1_28' title='bbox 860 597 999 670; x_wconf 81' lang='lat' dir='ltr'>nobilium</span> <span class='ocrx_word' id='word_1_29' title='bbox 1016 599 1162 678; x_wconf 81' lang='lat' dir='ltr'>juventu·</span> 
     </span>
     <span class='ocr_line' id='line_1_5' title="bbox 162 676 1161 757; baseline -0.006 -13"><span class='ocrx_word' id='word_1_30' title='bbox 162 692 224 744; x_wconf 89' lang='lat' dir='ltr'>tem</span> <span class='ocrx_word' id='word_1_31' title='bbox 237 690 328 751; x_wconf 86' lang='lat' dir='ltr'>ortus,</span> <span class='ocrx_word' id='word_1_32' title='bbox 345 684 409 742; x_wconf 91' lang='lat' dir='ltr'>sine</span> <span class='ocrx_word' id='word_1_33' title='bbox 423 678 618 739; x_wconf 88' lang='lat' dir='ltr'>insectatione</span> <span class='ocrx_word' id='word_1_34' title='bbox 671 676 788 755; x_wconf 81' lang='lat' dir='ltr'>testatis</span> <span class='ocrx_word' id='word_1_35' title='bbox 808 679 884 757; x_wconf 87' lang='lat' dir='ltr'>ejus,</span> <span class='ocrx_word' id='word_1_36' title='bbox 909 682 1085 738; x_wconf 67' lang='lat' dir='ltr'>conservate</span> <span class='ocrx_word' id='word_1_37' title='bbox 1099 699 1161 753; x_wconf 88' lang='lat' dir='ltr'>ma·</span> 
     </span>
     <span class='ocr_line' id='line_1_6' title="bbox 90 756 1162 843; baseline -0.005 -20"><span class='ocrx_word' id='word_1_38' title='bbox 90 797 91 810; x_wconf 65' lang='lat'>,</span> <span class='ocrx_word' id='word_1_39' title='bbox 158 765 271 843; x_wconf 84' lang='lat' dir='ltr'>jestate</span> <span class='ocrx_word' id='word_1_40' title='bbox 284 759 425 828; x_wconf 66' lang='lat' dir='ltr'>Petrum?</span> <span class='ocrx_word' id='word_1_41' title='bbox 433 757 573 830; x_wconf 80' lang='lat' dir='ltr'>sedavere</span> <span class='ocrx_word' id='word_1_42' title='bbox 586 777 595 829; x_wconf 72' lang='grc' dir='ltr'><strong>ς</strong></span> <span class='ocrx_word' id='word_1_43' title='bbox 615 778 635 839; x_wconf 86' lang='lat' dir='ltr'>p</span> <span class='ocrx_word' id='word_1_44' title='bbox 648 760 742 833; x_wconf 85' lang='lat' dir='ltr'>ehem,</span> <span class='ocrx_word' id='word_1_45' title='bbox 753 757 876 825; x_wconf 83' lang='lat' dir='ltr'>decreto</span> <span class='ocrx_word' id='word_1_46' title='bbox 888 756 927 818; x_wconf 89' lang='lat' dir='ltr'>ad</span> <span class='ocrx_word' id='word_1_47' title='bbox 940 756 1052 817; x_wconf 87' lang='lat' dir='ltr'>bellum</span> <span class='ocrx_word' id='word_1_48' title='bbox 1067 758 1162 818; x_wconf 86' lang='lat' dir='ltr'>&#39;Vols-</span> 
     </span>
     <span class='ocr_line' id='line_1_7' title="bbox 90 836 1161 914; baseline -0.005 -12"><span class='ocrx_word' id='word_1_49' title='bbox 90 837 92 864; x_wconf 86' lang='lat'>&#39;</span> <span class='ocrx_word' id='word_1_50' title='bbox 162 863 266 903; x_wconf 89' lang='lat' dir='ltr'>corum</span> <span class='ocrx_word' id='word_1_51' title='bbox 284 852 319 902; x_wconf 87' lang='lat' dir='ltr'>et</span> <span class='ocrx_word' id='word_1_52' title='bbox 339 846 504 914; x_wconf 80' lang='lat' dir='ltr'>AEquorum</span> <span class='ocrx_word' id='word_1_53' title='bbox 519 838 655 907; x_wconf 81' lang='lat' dir='ltr'>delectu,</span> <span class='ocrx_word' id='word_1_54' title='bbox 677 836 853 899; x_wconf 84' lang='lat' dir='ltr'>sustinendo</span> <span class='ocrx_word' id='word_1_55' title='bbox 866 858 939 907; x_wconf 75' lang='lat' dir='ltr'>reni,</span> <span class='ocrx_word' id='word_1_56' title='bbox 959 840 995 899; x_wconf 86' lang='lat' dir='ltr'>ab</span> <span class='ocrx_word' id='word_1_57' title='bbox 1007 836 1161 898; x_wconf 83' lang='lat' dir='ltr'>seditioni·</span> 
     </span>
     <span class='ocr_line' id='line_1_8' title="bbox 161 914 1163 1000; baseline -0.005 -18"><span class='ocrx_word' id='word_1_58' title='bbox 161 924 218 982; x_wconf 94' lang='lat' dir='ltr'>bus</span> <span class='ocrx_word' id='word_1_59' title='bbox 232 920 428 981; x_wconf 80' lang='lat' dir='ltr'>continuere:</span> <span class='ocrx_word' id='word_1_60' title='bbox 449 920 561 1000; x_wconf 85' lang='lat' dir='ltr'>urbano</span> <span class='ocrx_word' id='word_1_61' title='bbox 573 924 695 996; x_wconf 86' lang='lat' dir='ltr'>qnoque</span> <span class='ocrx_word' id='word_1_62' title='bbox 717 916 778 977; x_wconf 90' lang='lat' dir='ltr'>otio</span> <span class='ocrx_word' id='word_1_63' title='bbox 798 914 870 978; x_wconf 84' lang='lat' dir='ltr'>soris</span> <span class='ocrx_word' id='word_1_64' title='bbox 883 916 982 978; x_wconf 88' lang='lat' dir='ltr'>omnia</span> <span class='ocrx_word' id='word_1_65' title='bbox 998 916 1163 997; x_wconf 83' lang='lat' dir='ltr'>tranquilla</span> 
     </span>
     <span class='ocr_line' id='line_1_9' title="bbox 90 995 1163 1079; baseline -0.005 -17"><span class='ocrx_word' id='word_1_66' title='bbox 90 1033 91 1040; x_wconf 50' lang='lat'>,</span> <span class='ocrx_word' id='word_1_67' title='bbox 162 1022 230 1062; x_wconf 88' lang='lat' dir='ltr'>esse</span> <span class='ocrx_word' id='word_1_68' title='bbox 243 1001 434 1068; x_wconf 79' lang='lat' dir='ltr'>affirmantes,</span> <span class='ocrx_word' id='word_1_69' title='bbox 447 1019 500 1079; x_wconf 87' lang='lat' dir='ltr'>per</span> <span class='ocrx_word' id='word_1_70' title='bbox 511 997 676 1059; x_wconf 87' lang='lat' dir='ltr'>discordias</span> <span class='ocrx_word' id='word_1_71' title='bbox 698 995 802 1077; x_wconf 76' lang='lat' dir='ltr'>ciriles</span> <span class='ocrx_word' id='word_1_72' title='bbox 816 999 953 1059; x_wconf 79' lang='lat' dir='ltr'>externos</span> <span class='ocrx_word' id='word_1_73' title='bbox 973 996 1080 1059; x_wconf 90' lang='lat' dir='ltr'>tollere</span> <span class='ocrx_word' id='word_1_74' title='bbox 1102 996 1163 1058; x_wconf 91' lang='lat' dir='ltr'>aui·</span> 
     </span>
     <span class='ocr_line' id='line_1_10' title="bbox 162 1076 1162 1169; baseline -0.004 -28"><span class='ocrx_word' id='word_1_75' title='bbox 162 1101 236 1147; x_wconf 82' lang='lat' dir='ltr'>mos</span> <span class='ocrx_word' id='word_1_76' title='bbox 277 1080 360 1140; x_wconf 81' lang='lat' dir='ltr'>Cura</span> <span class='ocrx_word' id='word_1_77' title='bbox 382 1077 473 1161; x_wconf 89' lang='lat' dir='ltr'>pacis,</span> <span class='ocrx_word' id='word_1_78' title='bbox 498 1077 665 1137; x_wconf 76' lang='lat' dir='ltr'>concordiae</span> <span class='ocrx_word' id='word_1_79' title='bbox 686 1076 969 1169; x_wconf 83' lang='lat' dir='ltr'>quoqneintestinae</span> <span class='ocrx_word' id='word_1_80' title='bbox 987 1097 1080 1139; x_wconf 89' lang='lat' dir='ltr'>causa</span> <span class='ocrx_word' id='word_1_81' title='bbox 1100 1076 1162 1137; x_wconf 79' lang='lat' dir='ltr'>orit</span> 
     </span>
     <span class='ocr_line' id='line_1_11' title="bbox 162 1154 1162 1239; baseline -0.007 -17"><span class='ocrx_word' id='word_1_82' title='bbox 162 1158 224 1222; x_wconf 82' lang='lat' dir='ltr'>Sed</span> <span class='ocrx_word' id='word_1_83' title='bbox 248 1161 325 1221; x_wconf 86' lang='lat' dir='ltr'>ulter</span> <span class='ocrx_word' id='word_1_84' title='bbox 344 1177 462 1239; x_wconf 87' lang='lat' dir='ltr'>semper</span> <span class='ocrx_word' id='word_1_85' title='bbox 482 1155 553 1217; x_wconf 87' lang='lat' dir='ltr'>ordo</span> <span class='ocrx_word' id='word_1_86' title='bbox 566 1156 664 1236; x_wconf 79' lang='lat' dir='ltr'>gravis</span> <span class='ocrx_word' id='word_1_87' title='bbox 678 1156 801 1218; x_wconf 80' lang='lat' dir='ltr'>alterius</span> <span class='ocrx_word' id='word_1_88' title='bbox 823 1154 977 1218; x_wconf 88' lang='lat' dir='ltr'>modestiae</span> <span class='ocrx_word' id='word_1_89' title='bbox 993 1162 1078 1227; x_wconf 75' lang='lat' dir='ltr'>erat3</span> <span class='ocrx_word' id='word_1_90' title='bbox 1099 1156 1162 1236; x_wconf 89' lang='lat' dir='ltr'>qui·</span> 
     </span>
     <span class='ocr_line' id='line_1_12' title="bbox 163 1230 1163 1321; baseline -0.007 -19"><span class='ocrx_word' id='word_1_91' title='bbox 163 1240 278 1303; x_wconf 82' lang='lat' dir='ltr'>essenti</span> <span class='ocrx_word' id='word_1_92' title='bbox 292 1238 373 1321; x_wconf 87' lang='lat' dir='ltr'>plebi</span> <span class='ocrx_word' id='word_1_93' title='bbox 384 1243 419 1298; x_wconf 85' lang='lat' dir='ltr'>ab</span> <span class='ocrx_word' id='word_1_94' title='bbox 430 1236 597 1317; x_wconf 84' lang='lat' dir='ltr'>junioribus</span> <span class='ocrx_word' id='word_1_95' title='bbox 610 1230 732 1299; x_wconf 75' lang='lat' dir='ltr'>Pittrum</span> <span class='ocrx_word' id='word_1_96' title='bbox 745 1236 864 1317; x_wconf 82' lang='lat' dir='ltr'>injuriae</span> <span class='ocrx_word' id='word_1_97' title='bbox 878 1236 943 1299; x_wconf 85' lang='lat' dir='ltr'>fieri</span> <span class='ocrx_word' id='word_1_98' title='bbox 964 1246 1072 1317; x_wconf 83' lang='lat' dir='ltr'>coeptre</span> <span class='ocrx_word' id='word_1_99' title='bbox 1086 1257 1097 1309; x_wconf 80' lang='lat'><em>3</em></span> <span class='ocrx_word' id='word_1_100' title='bbox 1115 1236 1163 1297; x_wconf 90' lang='lat' dir='ltr'>ubi</span> 
     </span>
     <span class='ocr_line' id='line_1_13' title="bbox 161 1314 1162 1397; baseline -0.006 -16"><span class='ocrx_word' id='word_1_101' title='bbox 161 1314 274 1382; x_wconf 86' lang='lat' dir='ltr'>tribuni</span> <span class='ocrx_word' id='word_1_102' title='bbox 288 1318 398 1382; x_wconf 86' lang='lat' dir='ltr'>anxilio</span> <span class='ocrx_word' id='word_1_103' title='bbox 411 1316 614 1394; x_wconf 71' lang='lat' dir='ltr'>humilioribus</span> <span class='ocrx_word' id='word_1_104' title='bbox 628 1323 738 1385; x_wconf 87' lang='lat' dir='ltr'>essent,</span> <span class='ocrx_word' id='word_1_105' title='bbox 761 1315 917 1397; x_wconf 79' lang='lat' dir='ltr'>inprimis</span> <span class='ocrx_word' id='word_1_106' title='bbox 937 1326 1043 1396; x_wconf 78' lang='lat' dir='ltr'>perum</span> <span class='ocrx_word' id='word_1_107' title='bbox 1057 1316 1162 1397; x_wconf 87' lang='lat' dir='ltr'>prode·</span> 
     </span>
     <span class='ocr_line' id='line_1_14' title="bbox 162 1384 1162 1488; baseline -0.007 -26"><span class='ocrx_word' id='word_1_108' title='bbox 162 1406 231 1462; x_wconf 86' lang='lat' dir='ltr'>rat:</span> <span class='ocrx_word' id='word_1_109' title='bbox 252 1398 361 1459; x_wconf 86' lang='lat' dir='ltr'>deinde</span> <span class='ocrx_word' id='word_1_110' title='bbox 384 1417 422 1456; x_wconf 92' lang='lat' dir='ltr'>ne</span> <span class='ocrx_word' id='word_1_111' title='bbox 442 1396 500 1477; x_wconf 90' lang='lat' dir='ltr'>ipsi</span> <span class='ocrx_word' id='word_1_112' title='bbox 523 1394 643 1475; x_wconf 85' lang='lat' dir='ltr'>quidem</span> <span class='ocrx_word' id='word_1_113' title='bbox 666 1384 803 1479; x_wconf 82' lang='lat' dir='ltr'>inviolati</span> <span class='ocrx_word' id='word_1_114' title='bbox 817 1402 912 1465; x_wconf 85' lang='lat' dir='ltr'>erant,</span> <span class='ocrx_word' id='word_1_115' title='bbox 926 1396 1032 1475; x_wconf 88' lang='lat' dir='ltr'>utique</span> <span class='ocrx_word' id='word_1_116' title='bbox 1052 1388 1162 1488; x_wconf 84' lang='lat' dir='ltr'>postre-</span> 
     </span>
     <span class='ocr_line' id='line_1_15' title="bbox 162 1474 1162 1557; baseline -0.004 -16"><span class='ocrx_word' id='word_1_117' title='bbox 162 1480 221 1550; x_wconf 87' lang='lat' dir='ltr'>mis</span> <span class='ocrx_word' id='word_1_118' title='bbox 241 1477 402 1545; x_wconf 76' lang='lat' dir='ltr'>mensione,</span> <span class='ocrx_word' id='word_1_119' title='bbox 425 1494 517 1553; x_wconf 88' lang='lat' dir='ltr'>quum</span> <span class='ocrx_word' id='word_1_120' title='bbox 541 1481 573 1535; x_wconf 91' lang='lat' dir='ltr'>et</span> <span class='ocrx_word' id='word_1_121' title='bbox 597 1494 650 1556; x_wconf 91' lang='lat' dir='ltr'>per</span> <span class='ocrx_word' id='word_1_122' title='bbox 672 1474 818 1541; x_wconf 74' lang='lat' dir='ltr'>coitiones</span> <span class='ocrx_word' id='word_1_123' title='bbox 834 1476 1038 1557; x_wconf 88' lang='lat' dir='ltr'>potentiorum</span> <span class='ocrx_word' id='word_1_124' title='bbox 1057 1474 1162 1557; x_wconf 71' lang='lat' dir='ltr'>injuria</span> 
     </span>
     <span class='ocr_line' id='line_1_16' title="bbox 163 1554 1163 1647; baseline -0.007 -25"><span class='ocrx_word' id='word_1_125' title='bbox 163 1557 260 1627; x_wconf 82' lang='lat' dir='ltr'>lieret,</span> <span class='ocrx_word' id='word_1_126' title='bbox 283 1563 314 1615; x_wconf 85' lang='lat' dir='ltr'>et</span> <span class='ocrx_word' id='word_1_127' title='bbox 327 1555 373 1614; x_wconf 83' lang='lat' dir='ltr'>nis</span> <span class='ocrx_word' id='word_1_128' title='bbox 430 1554 550 1615; x_wconf 87' lang='lat' dir='ltr'>testatis</span> <span class='ocrx_word' id='word_1_129' title='bbox 563 1555 658 1626; x_wconf 88' lang='lat' dir='ltr'>omnis</span> <span class='ocrx_word' id='word_1_130' title='bbox 673 1554 825 1634; x_wconf 84' lang='lat' dir='ltr'>aliquanto</span> <span class='ocrx_word' id='word_1_131' title='bbox 840 1557 1003 1647; x_wconf 81' lang='lat' dir='ltr'>posteriore</span> <span class='ocrx_word' id='word_1_132' title='bbox 1017 1556 1092 1617; x_wconf 85' lang='lat' dir='ltr'>anni</span> <span class='ocrx_word' id='word_1_133' title='bbox 1103 1574 1163 1637; x_wconf 85' lang='lat' dir='ltr'>par·</span> 
     </span>
     <span class='ocr_line' id='line_1_17' title="bbox 90 1634 1163 1777; baseline -0.006 -78"><span class='ocrx_word' id='word_1_134' title='bbox 90 1665 92 1672; x_wconf 52' lang='lat'>&gt;</span> <span class='ocrx_word' id='word_1_135' title='bbox 163 1645 196 1699; x_wconf 88' lang='lat' dir='ltr'>te</span> <span class='ocrx_word' id='word_1_136' title='bbox 209 1634 377 1777; x_wconf 62' lang='lat' dir='ltr'>laipffiudior</span> <span class='ocrx_word' id='word_1_137' title='bbox 404 1655 485 1695; x_wconf 87' lang='lat' dir='ltr'>erme</span> <span class='ocrx_word' id='word_1_138' title='bbox 496 1642 576 1695; x_wconf 89' lang='lat' dir='ltr'>esset</span> <span class='ocrx_word' id='word_1_139' title='bbox 586 1656 602 1706; x_wconf 42' lang='lat' dir='ltr'>r,</span> <span class='ocrx_word' id='word_1_140' title='bbox 611 1636 737 1727; x_wconf 86' lang='lat' dir='ltr'>jamque</span> <span class='ocrx_word' id='word_1_141' title='bbox 748 1635 831 1717; x_wconf 86' lang='lat' dir='ltr'>plebs</span> <span class='ocrx_word' id='word_1_142' title='bbox 844 1642 888 1697; x_wconf 85' lang='lat' dir='ltr'>ita</span> <span class='ocrx_word' id='word_1_143' title='bbox 901 1634 933 1694; x_wconf 93' lang='lat' dir='ltr'>in</span> <span class='ocrx_word' id='word_1_144' title='bbox 945 1635 1102 1697; x_wconf 86' lang='lat' dir='ltr'>tribunatu</span> <span class='ocrx_word' id='word_1_145' title='bbox 1116 1654 1163 1717; x_wconf 91' lang='lat' dir='ltr'>po·</span> 
     </span>
     <span class='ocr_line' id='line_1_18' title="bbox 142 1711 1163 1795; baseline -0.004 -20"><span class='ocrx_word' id='word_1_146' title='bbox 142 1736 238 1781; x_wconf 80' lang='lat' dir='ltr'>¹nere</span> <span class='ocrx_word' id='word_1_147' title='bbox 282 1714 366 1795; x_wconf 91' lang='lat' dir='ltr'>&#39;quid</span> <span class='ocrx_word' id='word_1_148' title='bbox 379 1715 453 1795; x_wconf 90' lang='lat' dir='ltr'>spei,</span> <span class='ocrx_word' id='word_1_149' title='bbox 477 1714 505 1773; x_wconf 87' lang='lat' dir='ltr'>si</span> <span class='ocrx_word' id='word_1_150' title='bbox 527 1711 640 1774; x_wconf 88' lang='lat' dir='ltr'>similes</span> <span class='ocrx_word' id='word_1_151' title='bbox 654 1714 740 1794; x_wconf 83' lang='lat' dir='ltr'>ludio</span> <span class='ocrx_word' id='word_1_152' title='bbox 764 1713 897 1778; x_wconf 79' lang='lat' dir='ltr'>tribunos</span> <span class='ocrx_word' id='word_1_153' title='bbox 909 1714 1053 1785; x_wconf 77' lang='lat' dir='ltr'>haberett</span> <span class='ocrx_word' id='word_1_154' title='bbox 1075 1713 1163 1775; x_wconf 87' lang='lat' dir='ltr'>noni·</span> 
     </span>
     <span class='ocr_line' id='line_1_19' title="bbox 164 1792 1163 1864; baseline -0.004 -7"><span class='ocrx_word' id='word_1_155' title='bbox 164 1818 206 1860; x_wconf 89' lang='lat' dir='ltr'>na</span> <span class='ocrx_word' id='word_1_156' title='bbox 218 1796 337 1859; x_wconf 75' lang='lat' dir='ltr'>tanturn</span> <span class='ocrx_word' id='word_1_157' title='bbox 350 1814 384 1864; x_wconf 75' lang='lat' dir='ltr'>se</span> <span class='ocrx_word' id='word_1_158' title='bbox 393 1795 513 1855; x_wconf 89' lang='lat' dir='ltr'>biennio</span> <span class='ocrx_word' id='word_1_159' title='bbox 526 1794 673 1856; x_wconf 72' lang='lat' dir='ltr'>habuisse..</span> <span class='ocrx_word' id='word_1_160' title='bbox 714 1792 969 1857; x_wconf 66' lang='lat' dir='ltr'>Seniores&#39;c&#39;ontr&#39;i</span> <span class='ocrx_word' id='word_1_161' title='bbox 987 1796 1121 1862; x_wconf 73' lang='lat' dir='ltr'>Petrum,</span> <span class='ocrx_word' id='word_1_162' title='bbox 1132 1796 1163 1853; x_wconf 86' lang='lat' dir='ltr'>ut</span> 
     </span>
     <span class='ocr_line' id='line_1_20' title="bbox 165 1872 1164 1953; baseline -0.006 -14"><span class='ocrx_word' id='word_1_163' title='bbox 165 1876 255 1939; x_wconf 87' lang='lat' dir='ltr'>nimis</span> <span class='ocrx_word' id='word_1_164' title='bbox 276 1874 392 1942; x_wconf 85' lang='lat' dir='ltr'>feroces</span> <span class='ocrx_word' id='word_1_165' title='bbox 406 1894 476 1933; x_wconf 90' lang='lat' dir='ltr'>snos</span> <span class='ocrx_word' id='word_1_166' title='bbox 489 1874 612 1934; x_wconf 86' lang='lat' dir='ltr'>credere</span> <span class='ocrx_word' id='word_1_167' title='bbox 628 1876 758 1953; x_wconf 79' lang='lat' dir='ltr'>juvenes</span> <span class='ocrx_word' id='word_1_168' title='bbox 773 1892 860 1945; x_wconf 88' lang='lat' dir='ltr'>esse;</span> <span class='ocrx_word' id='word_1_169' title='bbox 879 1874 923 1937; x_wconf 80' lang='lat' dir='ltr'>iu</span> <span class='ocrx_word' id='word_1_170' title='bbox 943 1874 1040 1942; x_wconf 90' lang='lat' dir='ltr'>malle,</span> <span class='ocrx_word' id='word_1_171' title='bbox 1066 1872 1097 1933; x_wconf 86' lang='lat' dir='ltr'>si</span> <span class='ocrx_word' id='word_1_172' title='bbox 1110 1892 1164 1933; x_wconf 86' lang='lat' dir='ltr'>rno-</span> 
     </span>
     <span class='ocr_line' id='line_1_21' title="bbox 166 1952 1164 2032; baseline -0.006 -16"><span class='ocrx_word' id='word_1_173' title='bbox 166 1957 225 2016; x_wconf 90' lang='lat' dir='ltr'>dus</span> <span class='ocrx_word' id='word_1_174' title='bbox 238 1953 430 2015; x_wconf 83' lang='lat' dir='ltr'>excedendus</span> <span class='ocrx_word' id='word_1_175' title='bbox 443 1959 532 2022; x_wconf 87' lang='lat' dir='ltr'>esset,</span> <span class='ocrx_word' id='word_1_176' title='bbox 547 1952 923 2032; x_wconf 66' lang='lat' dir='ltr'>suis,&#39;qurlmadrersariis,</span> <span class='ocrx_word' id='word_1_177' title='bbox 936 1972 1094 2032; x_wconf 84' lang='lat' dir='ltr'>superesse</span> <span class='ocrx_word' id='word_1_178' title='bbox 1109 1952 1164 2013; x_wconf 92' lang='lat' dir='ltr'>ani·</span> 
     </span>
     <span class='ocr_line' id='line_1_22' title="bbox 165 2031 1165 2111; baseline -0.005 -16"><span class='ocrx_word' id='word_1_179' title='bbox 165 2055 254 2104; x_wconf 81' lang='lat' dir='ltr'>snos3</span> <span class='ocrx_word' id='word_1_180' title='bbox 274 2032 351 2093; x_wconf 78' lang='lat' dir='ltr'>oded</span> <span class='ocrx_word' id='word_1_181' title='bbox 365 2031 526 2092; x_wconf 82' lang='lat' dir='ltr'>moderatio</span> <span class='ocrx_word' id='word_1_182' title='bbox 548 2033 672 2091; x_wconf 84' lang='lat' dir='ltr'>tuendae</span> <span class='ocrx_word' id='word_1_183' title='bbox 685 2031 842 2103; x_wconf 74' lang='lat' dir='ltr'>libertatis,</span> <span class='ocrx_word' id='word_1_184' title='bbox 869 2033 940 2093; x_wconf 85' lang='lat' dir='ltr'>dnm</span> <span class='ocrx_word' id='word_1_185' title='bbox 958 2032 1076 2111; x_wconf 76' lang='lat' dir='ltr'>equari</span> <span class='ocrx_word' id='word_1_186' title='bbox 1092 2032 1165 2091; x_wconf 84' lang='lat' dir='ltr'>vello</span> 
     </span>
     <span class='ocr_line' id='line_1_23' title="bbox 166 2110 1164 2193; baseline 0.001 -19"><span class='ocrx_word' id='word_1_187' title='bbox 166 2111 336 2178; x_wconf 87' lang='lat' dir='ltr'>simulando</span> <span class='ocrx_word' id='word_1_188' title='bbox 345 2110 388 2174; x_wconf 85' lang='lat' dir='ltr'>ita</span> <span class='ocrx_word' id='word_1_189' title='bbox 402 2131 434 2171; x_wconf 89' lang='lat' dir='ltr'>se</span> <span class='ocrx_word' id='word_1_190' title='bbox 448 2111 575 2191; x_wconf 90' lang='lat' dir='ltr'>quisque</span> <span class='ocrx_word' id='word_1_191' title='bbox 589 2111 716 2181; x_wconf 86' lang='lat' dir='ltr'>extollit,</span> <span class='ocrx_word' id='word_1_192' title='bbox 729 2118 763 2171; x_wconf 89' lang='lat' dir='ltr'>ut</span> <span class='ocrx_word' id='word_1_193' title='bbox 777 2110 925 2193; x_wconf 86' lang='lat' dir='ltr'>deprimat</span> <span class='ocrx_word' id='word_1_194' title='bbox 934 2112 1034 2180; x_wconf 89' lang='lat' dir='ltr'>alium,</span> <span class='ocrx_word' id='word_1_195' title='bbox 1048 2111 1081 2171; x_wconf 94' lang='lat' dir='ltr'>in</span> <span class='ocrx_word' id='word_1_196' title='bbox 1094 2110 1164 2175; x_wconf 87' lang='lat' dir='ltr'>diffi-</span> 
     </span>
     <span class='ocr_line' id='line_1_24' title="bbox 117 2188 1163 2271; baseline -0.004 -16"><span class='ocrx_word' id='word_1_197' title='bbox 117 2238 120 2243; x_wconf 90' lang='lat'><em>-</em></span> <span class='ocrx_word' id='word_1_198' title='bbox 167 2192 220 2255; x_wconf 90' lang='lat' dir='ltr'>cili</span> <span class='ocrx_word' id='word_1_199' title='bbox 240 2200 304 2253; x_wconf 76' lang='lat' dir='ltr'>esta</span> <span class='ocrx_word' id='word_1_200' title='bbox 325 2192 518 2271; x_wconf 84' lang='lat' dir='ltr'>cavendoque</span> <span class='ocrx_word' id='word_1_201' title='bbox 532 2211 570 2253; x_wconf 90' lang='lat' dir='ltr'>ne</span> <span class='ocrx_word' id='word_1_202' title='bbox 585 2191 876 2271; x_wconf 83' lang='lat' dir='ltr'>metuantlromines,</span> <span class='ocrx_word' id='word_1_203' title='bbox 898 2188 1075 2252; x_wconf 87' lang='lat' dir='ltr'>metuendos</span> <span class='ocrx_word' id='word_1_204' title='bbox 1088 2192 1163 2251; x_wconf 86' lang='lat' dir='ltr'>ultro</span> 
     </span>
     <span class='ocr_line' id='line_1_25' title="bbox 167 2268 1163 2353; baseline -0.005 -17"><span class='ocrx_word' id='word_1_205' title='bbox 167 2295 200 2336; x_wconf 89' lang='lat' dir='ltr'>se</span> <span class='ocrx_word' id='word_1_206' title='bbox 219 2272 373 2335; x_wconf 81' lang='lat' dir='ltr'>efficiunt:</span> <span class='ocrx_word' id='word_1_207' title='bbox 390 2279 421 2334; x_wconf 84' lang='lat' dir='ltr'>et</span> <span class='ocrx_word' id='word_1_208' title='bbox 434 2270 573 2352; x_wconf 79' lang='lat' dir='ltr'>injuriam</span> <span class='ocrx_word' id='word_1_209' title='bbox 587 2273 604 2330; x_wconf 77' lang='lat' dir='ltr'>al</span> <span class='ocrx_word' id='word_1_210' title='bbox 617 2268 701 2332; x_wconf 86' lang='lat' dir='ltr'>nobis</span> <span class='ocrx_word' id='word_1_211' title='bbox 714 2270 873 2353; x_wconf 87' lang='lat' dir='ltr'>repulsam,</span> <span class='ocrx_word' id='word_1_212' title='bbox 893 2278 1036 2353; x_wconf 84' lang='lat' dir='ltr'>tauquam</span> <span class='ocrx_word' id='word_1_213' title='bbox 1057 2270 1138 2335; x_wconf 79' lang='lat' dir='ltr'>auti</span> <span class='ocrx_word' id='word_1_214' title='bbox 1153 2302 1163 2315; x_wconf 94' lang='lat'>·</span> 
     </span>
     <span class='ocr_line' id='line_1_26' title="bbox 168 2350 979 2433; baseline -0.01 -18"><span class='ocrx_word' id='word_1_215' title='bbox 168 2375 237 2415; x_wconf 86' lang='lat' dir='ltr'>cere</span> <span class='ocrx_word' id='word_1_216' title='bbox 250 2359 302 2415; x_wconf 90' lang='lat' dir='ltr'>ant</span> <span class='ocrx_word' id='word_1_217' title='bbox 315 2350 378 2433; x_wconf 90' lang='lat' dir='ltr'>pati</span> <span class='ocrx_word' id='word_1_218' title='bbox 392 2371 515 2411; x_wconf 87' lang='lat' dir='ltr'>necesse</span> <span class='ocrx_word' id='word_1_219' title='bbox 526 2351 575 2420; x_wconf 89' lang='lat' dir='ltr'>sit,</span> <span class='ocrx_word' id='word_1_220' title='bbox 585 2350 767 2431; x_wconf 83' lang='lat' dir='ltr'>inungimus</span> <span class='ocrx_word' id='word_1_221' title='bbox 781 2351 856 2413; x_wconf 82' lang='lat' dir='ltr'>eliis.</span> <span class='ocrx_word' id='word_1_222' title='bbox 950 2358 952 2365; x_wconf 90' lang='lat'>&#39;</span> <span class='ocrx_word' id='word_1_223' title='bbox 977 2366 979 2371; x_wconf 74' lang='grc'>’</span> 
     </span>
    </p>

    <p class='ocr_par' dir='ltr' id='par_1_3' title="bbox 168 2372 1171 3951">
     <span class='ocr_line' id='line_1_27' title="bbox 210 2372 1164 2512; baseline -0.004 -17"><span class='ocrx_word' id='word_1_224' title='bbox 210 2432 322 2495; x_wconf 83' lang='lat' dir='ltr'>LXVL</span> <span class='ocrx_word' id='word_1_225' title='bbox 352 2432 390 2490; x_wconf 91' lang='lat' dir='ltr'>T.</span> <span class='ocrx_word' id='word_1_226' title='bbox 406 2430 573 2503; x_wconf 79' lang='lat' dir='ltr'>&#39;Quinctius</span> <span class='ocrx_word' id='word_1_227' title='bbox 597 2372 787 2509; x_wconf 74' lang='lat' dir='ltr'>(lapitol‘rnus</span> <span class='ocrx_word' id='word_1_228' title='bbox 814 2430 954 2509; x_wconf 84' lang='lat' dir='ltr'>quartdm</span> <span class='ocrx_word' id='word_1_229' title='bbox 975 2442 1006 2491; x_wconf 93' lang='lat' dir='ltr'>et</span> <span class='ocrx_word' id='word_1_230' title='bbox 1033 2431 1164 2512; x_wconf 77' lang='lat' dir='ltr'>Agrippa</span> 
     </span>
     <span class='ocr_line' id='line_1_28' title="bbox 169 2508 1166 2582; baseline -0.004 -9"><span class='ocrx_word' id='word_1_231' title='bbox 169 2514 288 2582; x_wconf 82' lang='lat' dir='ltr'>Furius,</span> <span class='ocrx_word' id='word_1_232' title='bbox 310 2510 448 2572; x_wconf 79' lang='lat' dir='ltr'>consules</span> <span class='ocrx_word' id='word_1_233' title='bbox 468 2508 538 2569; x_wconf 90' lang='lat' dir='ltr'>inde</span> <span class='ocrx_word' id='word_1_234' title='bbox 560 2509 641 2579; x_wconf 84' lang='lat' dir='ltr'>lacti,</span> <span class='ocrx_word' id='word_1_235' title='bbox 662 2528 717 2569; x_wconf 89' lang='lat' dir='ltr'>nec</span> <span class='ocrx_word' id='word_1_236' title='bbox 733 2509 906 2569; x_wconf 85' lang='lat' dir='ltr'>seditionem</span> <span class='ocrx_word' id='word_1_237' title='bbox 922 2510 1012 2579; x_wconf 89' lang='lat' dir='ltr'>dumi,</span> <span class='ocrx_word' id='word_1_238' title='bbox 1025 2513 1083 2571; x_wconf 80' lang='lat' dir='ltr'>n&#39;ee</span> <span class='ocrx_word' id='word_1_239' title='bbox 1097 2508 1166 2572; x_wconf 83' lang='lat' dir='ltr'>foris</span> 
     </span>
     <span class='ocr_line' id='line_1_29' title="bbox 169 2589 1165 2681; baseline -0.004 -30"><span class='ocrx_word' id='word_1_240' title='bbox 169 2593 290 2661; x_wconf 85' lang='lat' dir='ltr'>bellum,</span> <span class='ocrx_word' id='word_1_241' title='bbox 316 2594 517 2681; x_wconf 80' lang='lat' dir='ltr'>aeceperunt:</span> <span class='ocrx_word' id='word_1_242' title='bbox 538 2589 593 2669; x_wconf 89' lang='lat' dir='ltr'>sed</span> <span class='ocrx_word' id='word_1_243' title='bbox 614 2589 786 2651; x_wconf 81' lang='lat' dir='ltr'>imminebat</span> <span class='ocrx_word' id='word_1_244' title='bbox 813 2589 980 2681; x_wconf 84' lang='lat' dir='ltr'>utrumque.</span> <span class='ocrx_word' id='word_1_245' title='bbox 1020 2591 1089 2657; x_wconf 81' lang='lat' dir='ltr'>lam</span> <span class='ocrx_word' id='word_1_246' title='bbox 1110 2608 1165 2650; x_wconf 91' lang='lat' dir='ltr'>non</span> 
     </span>
     <span class='ocr_line' id='line_1_30' title="bbox 169 2666 1164 2752; baseline -0.005 -20"><span class='ocrx_word' id='word_1_247' title='bbox 169 2672 251 2732; x_wconf 70' lang='lat' dir='ltr'>alna</span> <span class='ocrx_word' id='word_1_248' title='bbox 275 2670 424 2730; x_wconf 82' lang='lat' dir='ltr'>discordia</span> <span class='ocrx_word' id='word_1_249' title='bbox 444 2668 553 2730; x_wconf 87' lang='lat' dir='ltr'>civium</span> <span class='ocrx_word' id='word_1_250' title='bbox 567 2667 689 2749; x_wconf 85' lang='lat' dir='ltr'>reprimi</span> <span class='ocrx_word' id='word_1_251' title='bbox 703 2676 825 2751; x_wconf 84' lang='lat' dir='ltr'>poterat,</span> <span class='ocrx_word' id='word_1_252' title='bbox 852 2676 882 2729; x_wconf 88' lang='lat' dir='ltr'>et</span> <span class='ocrx_word' id='word_1_253' title='bbox 896 2666 1023 2732; x_wconf 81' lang='lat' dir='ltr'>tribunis</span> <span class='ocrx_word' id='word_1_254' title='bbox 1037 2672 1070 2733; x_wconf 84' lang='lat' dir='ltr'>et</span> <span class='ocrx_word' id='word_1_255' title='bbox 1082 2670 1164 2752; x_wconf 82' lang='lat' dir='ltr'>plebe</span> 
     </span>
     <span class='ocr_line' id='line_1_31' title="bbox 170 2746 1166 2826; baseline -0.004 -15"><span class='ocrx_word' id='word_1_256' title='bbox 170 2750 295 2812; x_wconf 66' lang='lat' dir='ltr'>incitata</span> <span class='ocrx_word' id='word_1_257' title='bbox 316 2747 348 2807; x_wconf 93' lang='lat' dir='ltr'>in</span> <span class='ocrx_word' id='word_1_258' title='bbox 369 2748 484 2814; x_wconf 89' lang='lat' dir='ltr'>Patres,</span> <span class='ocrx_word' id='word_1_259' title='bbox 510 2746 602 2826; x_wconf 86' lang='lat' dir='ltr'>quoin</span> <span class='ocrx_word' id='word_1_260' title='bbox 621 2748 688 2809; x_wconf 85' lang='lat' dir='ltr'>dies</span> <span class='ocrx_word' id='word_1_261' title='bbox 710 2748 799 2819; x_wconf 80' lang='lat' dir='ltr'>elicui</span> <span class='ocrx_word' id='word_1_262' title='bbox 822 2749 961 2809; x_wconf 87' lang='lat' dir='ltr'>nobilium</span> <span class='ocrx_word' id='word_1_263' title='bbox 984 2750 1067 2809; x_wconf 82' lang='lat' dir='ltr'>diota</span> <span class='ocrx_word' id='word_1_264' title='bbox 1087 2748 1166 2809; x_wconf 80' lang='lat' dir='ltr'>novis</span> 
     </span>
     <span class='ocr_line' id='line_1_32' title="bbox 171 2824 1165 2921; baseline 0.001 -35"><span class='ocrx_word' id='word_1_265' title='bbox 171 2848 289 2911; x_wconf 72' lang='lat' dir='ltr'>semper</span> <span class='ocrx_word' id='word_1_266' title='bbox 310 2824 529 2904; x_wconf 49' lang='lat' dir='ltr'>certaminibus¹</span> <span class='ocrx_word' id='word_1_267' title='bbox 543 2826 701 2886; x_wconf 87' lang='lat' dir='ltr'>conciones</span> <span class='ocrx_word' id='word_1_268' title='bbox 724 2828 876 2899; x_wconf 53' lang='lat' dir='ltr'>turbarem</span> <span class='ocrx_word' id='word_1_269' title='bbox 897 2829 934 2889; x_wconf 85' lang='lat' dir='ltr'>ad</span> <span class='ocrx_word' id='word_1_270' title='bbox 961 2848 1087 2909; x_wconf 87' lang='lat' dir='ltr'>quarum</span> <span class='ocrx_word' id='word_1_271' title='bbox 1111 2828 1165 2921; x_wconf 84' lang='lat' dir='ltr'>pri·</span> 
     </span>
     <span class='ocr_line' id='line_1_33' title="bbox 172 2904 1168 2999; baseline -0.006 -27"><span class='ocrx_word' id='word_1_272' title='bbox 172 2931 255 2973; x_wconf 84' lang='lat' dir='ltr'>mum</span> <span class='ocrx_word' id='word_1_273' title='bbox 269 2905 434 2999; x_wconf 85' lang='lat' dir='ltr'>strepitum.</span> <span class='ocrx_word' id='word_1_274' title='bbox 450 2906 534 2965; x_wconf 89' lang='lat' dir='ltr'>velut</span> <span class='ocrx_word' id='word_1_275' title='bbox 548 2904 631 2986; x_wconf 80' lang='lat' dir='ltr'>signo</span> <span class='ocrx_word' id='word_1_276' title='bbox 645 2916 778 2985; x_wconf 84' lang='lat' dir='ltr'>accepto,</span> <span class='ocrx_word' id='word_1_277' title='bbox 802 2926 887 2969; x_wconf 85' lang='lat' dir='ltr'>arma</span> <span class='ocrx_word' id='word_1_278' title='bbox 911 2925 1016 2989; x_wconf 88' lang='lat' dir='ltr'>cepere</span> <span class='ocrx_word' id='word_1_279' title='bbox 1028 2910 1124 2989; x_wconf 83' lang='lat' dir='ltr'>AEan</span> <span class='ocrx_word' id='word_1_280' title='bbox 1136 2926 1168 2967; x_wconf 84' lang='lat' dir='ltr'>uc</span> 
     </span>
     <span class='ocr_line' id='line_1_34' title="bbox 172 2985 1166 3070; baseline -0.005 -20"><span class='ocrx_word' id='word_1_281' title='bbox 172 2988 304 3059; x_wconf 60' lang='lat' dir='ltr'>Volscio</span> <span class='ocrx_word' id='word_1_282' title='bbox 316 2986 405 3047; x_wconf 86' lang='lat' dir='ltr'>simul</span> <span class='ocrx_word' id='word_1_283' title='bbox 428 2985 509 3064; x_wconf 65' lang='lat' dir='ltr'>quid</span> <span class='ocrx_word' id='word_1_284' title='bbox 529 2986 731 3064; x_wconf 81' lang='lat' dir='ltr'>persuaserint</span> <span class='ocrx_word' id='word_1_285' title='bbox 753 2986 790 3047; x_wconf 91' lang='lat' dir='ltr'>iis</span> <span class='ocrx_word' id='word_1_286' title='bbox 803 2988 906 3059; x_wconf 89' lang='lat' dir='ltr'>duces,</span> <span class='ocrx_word' id='word_1_287' title='bbox 933 2987 1034 3069; x_wconf 89' lang='lat' dir='ltr'>cupidi</span> <span class='ocrx_word' id='word_1_288' title='bbox 1056 2987 1166 3070; x_wconf 79' lang='lat' dir='ltr'>proeda·</span> 
     </span>
     <span class='ocr_line' id='line_1_35' title="bbox 171 3066 1167 3148; baseline -0.007 -17"><span class='ocrx_word' id='word_1_289' title='bbox 171 3081 251 3140; x_wconf 70' lang='lat' dir='ltr'>rum,</span> <span class='ocrx_word' id='word_1_290' title='bbox 272 3066 416 3128; x_wconf 87' lang='lat' dir='ltr'>“biennio</span> <span class='ocrx_word' id='word_1_291' title='bbox 435 3069 504 3125; x_wconf 67' lang='lat' dir='ltr'>anti</span> <span class='ocrx_word' id='word_1_292' title='bbox 519 3066 669 3126; x_wconf 87' lang='lat' dir='ltr'>delectum</span> <span class='ocrx_word' id='word_1_293' title='bbox 683 3066 827 3127; x_wconf 88' lang='lat' dir='ltr'>indictum</span> <span class='ocrx_word' id='word_1_294' title='bbox 842 3066 946 3143; x_wconf 86' lang='lat' dir='ltr'>haberi</span> <span class='ocrx_word' id='word_1_295' title='bbox 956 3089 1014 3129; x_wconf 91' lang='lat' dir='ltr'>non</span> <span class='ocrx_word' id='word_1_296' title='bbox 1030 3069 1167 3148; x_wconf 87' lang='lat' dir='ltr'>potuisse,</span> 
     </span>
     <span class='ocr_line' id='line_1_36' title="bbox 172 3146 1167 3228; baseline -0.006 -17"><span class='ocrx_word' id='word_1_297' title='bbox 172 3154 321 3220; x_wconf 78' lang='lat' dir='ltr'>abnuente</span> <span class='ocrx_word' id='word_1_298' title='bbox 340 3148 404 3227; x_wconf 86' lang='lat' dir='ltr'>jam</span> <span class='ocrx_word' id='word_1_299' title='bbox 425 3146 513 3228; x_wconf 78' lang='lat' dir='ltr'>plebe</span> <span class='ocrx_word' id='word_1_300' title='bbox 538 3146 715 3226; x_wconf 81' lang='lat' dir='ltr'>imperium3</span> <span class='ocrx_word' id='word_1_301' title='bbox 736 3166 771 3207; x_wconf 89' lang='lat' dir='ltr'>eo</span> <span class='ocrx_word' id='word_1_302' title='bbox 793 3148 935 3207; x_wconf 86' lang='lat' dir='ltr'>adversus</span> <span class='ocrx_word' id='word_1_303' title='bbox 962 3168 994 3209; x_wconf 88' lang='lat' dir='ltr'>se</span> <span class='ocrx_word' id='word_1_304' title='bbox 1021 3168 1081 3207; x_wconf 92' lang='lat' dir='ltr'>non</span> <span class='ocrx_word' id='word_1_305' title='bbox 1105 3164 1167 3207; x_wconf 86' lang='lat' dir='ltr'>esse</span> 
     </span>
     <span class='ocr_line' id='line_1_37' title="bbox 173 3224 1169 3298; baseline -0.006 -7"><span class='ocrx_word' id='word_1_306' title='bbox 173 3230 279 3291; x_wconf 88' lang='lat' dir='ltr'>missos</span> <span class='ocrx_word' id='word_1_307' title='bbox 300 3224 469 3296; x_wconf 83' lang='lat' dir='ltr'>exercitus3</span> <span class='ocrx_word' id='word_1_308' title='bbox 489 3225 612 3285; x_wconf 90' lang='lat' dir='ltr'>dissolvi</span> <span class='ocrx_word' id='word_1_309' title='bbox 634 3225 757 3285; x_wconf 69' lang='lat' dir='ltr'>licentis</span> <span class='ocrx_word' id='word_1_310' title='bbox 784 3226 932 3287; x_wconf 86' lang='lat' dir='ltr'>militandi</span> <span class='ocrx_word' id='word_1_311' title='bbox 959 3248 1095 3298; x_wconf 85' lang='lat' dir='ltr'>morem;</span> <span class='ocrx_word' id='word_1_312' title='bbox 1116 3244 1169 3287; x_wconf 87' lang='lat' dir='ltr'>neo</span> 
     </span>
     <span class='ocr_line' id='line_1_38' title="bbox 172 3304 1169 3390; baseline -0.002 -24"><span class='ocrx_word' id='word_1_313' title='bbox 172 3328 227 3390; x_wconf 88' lang='lat' dir='ltr'>pro</span> <span class='ocrx_word' id='word_1_314' title='bbox 240 3305 388 3368; x_wconf 87' lang='lat' dir='ltr'>communi</span> <span class='ocrx_word' id='word_1_315' title='bbox 408 3307 470 3384; x_wconf 89' lang='lat' dir='ltr'>jam</span> <span class='ocrx_word' id='word_1_316' title='bbox 485 3304 581 3385; x_wconf 84' lang='lat' dir='ltr'>patria</span> <span class='ocrx_word' id='word_1_317' title='bbox 598 3306 720 3365; x_wconf 84' lang='lat' dir='ltr'>Romam</span> <span class='ocrx_word' id='word_1_318' title='bbox 735 3324 800 3365; x_wconf 80' lang='lat' dir='ltr'>esse</span> <span class='ocrx_word' id='word_1_319' title='bbox 813 3325 821 3376; x_wconf 82' lang='lat'><em>3</em></span> <span class='ocrx_word' id='word_1_320' title='bbox 842 3306 985 3386; x_wconf 91' lang='lat' dir='ltr'>quicquid</span> <span class='ocrx_word' id='word_1_321' title='bbox 999 3307 1110 3369; x_wconf 84' lang='lat' dir='ltr'>irarum</span> <span class='ocrx_word' id='word_1_322' title='bbox 1132 3306 1169 3365; x_wconf 92' lang='lat' dir='ltr'>si·</span> 
     </span>
     <span class='ocr_line' id='line_1_39' title="bbox 172 3383 1169 3466; baseline -0.005 -18"><span class='ocrx_word' id='word_1_323' title='bbox 172 3388 391 3464; x_wconf 86' lang='lat' dir='ltr'>multatnmqne</span> <span class='ocrx_word' id='word_1_324' title='bbox 405 3405 473 3444; x_wconf 92' lang='lat' dir='ltr'>cum</span> <span class='ocrx_word' id='word_1_325' title='bbox 486 3386 617 3444; x_wconf 86' lang='lat' dir='ltr'>externis</span> <span class='ocrx_word' id='word_1_326' title='bbox 637 3383 735 3454; x_wconf 83' lang='lat' dir='ltr'>luerit,</span> <span class='ocrx_word' id='word_1_327' title='bbox 749 3384 780 3445; x_wconf 91' lang='lat' dir='ltr'>in</span> <span class='ocrx_word' id='word_1_328' title='bbox 795 3385 874 3466; x_wconf 90' lang='lat' dir='ltr'>ipsos</span> <span class='ocrx_word' id='word_1_329' title='bbox 888 3386 963 3449; x_wconf 83' lang='lat' dir='ltr'>verti</span> <span class='ocrx_word' id='word_1_330' title='bbox 975 3407 985 3457; x_wconf 90' lang='lat'>;</span> <span class='ocrx_word' id='word_1_331' title='bbox 998 3393 1169 3449; x_wconf 80' lang='lat' dir='ltr'>&#39;occaecatos</span> 
     </span>
     <span class='ocr_line' id='line_1_40' title="bbox 172 3464 1170 3548; baseline -0.006 -19"><span class='ocrx_word' id='word_1_332' title='bbox 172 3468 259 3548; x_wconf 88' lang='lat' dir='ltr'>lupos</span> <span class='ocrx_word' id='word_1_333' title='bbox 282 3464 425 3525; x_wconf 86' lang='lat' dir='ltr'>intestina</span> <span class='ocrx_word' id='word_1_334' title='bbox 442 3464 524 3524; x_wconf 83' lang='lat' dir='ltr'>rabie</span> <span class='ocrx_word' id='word_1_335' title='bbox 549 3464 733 3545; x_wconf 84' lang='lat' dir='ltr'>opprimendi</span> <span class='ocrx_word' id='word_1_336' title='bbox 754 3466 937 3526; x_wconf 87' lang='lat' dir='ltr'>occasionem</span> <span class='ocrx_word' id='word_1_337' title='bbox 952 3468 1049 3527; x_wconf 88' lang='lat' dir='ltr'>esse.’&#39;</span> <span class='ocrx_word' id='word_1_338' title='bbox 1091 3466 1170 3525; x_wconf 88' lang='lat' dir='ltr'>Con-</span> 
     </span>
     <span class='ocr_line' id='line_1_41' title="bbox 168 3542 1169 3628; baseline -0.005 -22"><span class='ocrx_word' id='word_1_339' title='bbox 168 3545 284 3628; x_wconf 65' lang='lat' dir='ltr'>jnnctis</span> <span class='ocrx_word' id='word_1_340' title='bbox 311 3542 489 3605; x_wconf 82' lang='lat' dir='ltr'>exercitibus</span> <span class='ocrx_word' id='word_1_341' title='bbox 521 3544 661 3606; x_wconf 85' lang='lat' dir='ltr'>Latinum</span> <span class='ocrx_word' id='word_1_342' title='bbox 690 3544 815 3625; x_wconf 88' lang='lat' dir='ltr'>primurn</span> <span class='ocrx_word' id='word_1_343' title='bbox 849 3566 951 3627; x_wconf 84' lang='lat' dir='ltr'>agrum</span> <span class='ocrx_word' id='word_1_344' title='bbox 983 3542 1169 3627; x_wconf 83' lang='lat' dir='ltr'>perpopulati</span> 
     </span>
     <span class='ocr_line' id='line_1_42' title="bbox 173 3624 1170 3702; baseline -0.004 -16"><span class='ocrx_word' id='word_1_345' title='bbox 173 3635 264 3687; x_wconf 69' lang='lat' dir='ltr'>sunta</span> <span class='ocrx_word' id='word_1_346' title='bbox 284 3624 392 3683; x_wconf 90' lang='lat' dir='ltr'>deinde</span> <span class='ocrx_word' id='word_1_347' title='bbox 415 3629 572 3702; x_wconf 83' lang='lat' dir='ltr'>postquam</span> <span class='ocrx_word' id='word_1_348' title='bbox 593 3624 632 3683; x_wconf 92' lang='lat' dir='ltr'>ibi</span> <span class='ocrx_word' id='word_1_349' title='bbox 653 3645 741 3685; x_wconf 87' lang='lat' dir='ltr'>nemo</span> <span class='ocrx_word' id='word_1_350' title='bbox 762 3625 873 3685; x_wconf 86' lang='lat' dir='ltr'>vindex</span> <span class='ocrx_word' id='word_1_351' title='bbox 896 3629 1078 3695; x_wconf 86' lang='lat' dir='ltr'>occurrebat,</span> <span class='ocrx_word' id='word_1_352' title='bbox 1106 3632 1170 3685; x_wconf 89' lang='lat' dir='ltr'>tum</span> 
     </span>
     <span class='ocr_line' id='line_1_43' title="bbox 173 3702 1171 3787; baseline -0.001 -24"><span class='ocrx_word' id='word_1_353' title='bbox 173 3706 255 3772; x_wconf 67' lang='lat' dir='ltr'>verb,</span> <span class='ocrx_word' id='word_1_354' title='bbox 279 3702 495 3763; x_wconf 83' lang='lat' dir='ltr'>exsultantibus</span> <span class='ocrx_word' id='word_1_355' title='bbox 511 3704 586 3779; x_wconf 73' lang='lat' dir='ltr'>belli</span> <span class='ocrx_word' id='word_1_356' title='bbox 606 3706 785 3773; x_wconf 86' lang='lat' dir='ltr'>auctoribus,</span> <span class='ocrx_word' id='word_1_357' title='bbox 797 3704 838 3765; x_wconf 79' lang='lat' dir='ltr'>ud·</span> <span class='ocrx_word' id='word_1_358' title='bbox 857 3706 966 3767; x_wconf 83' lang='lat' dir='ltr'>rnoenia</span> <span class='ocrx_word' id='word_1_359' title='bbox 980 3706 1045 3787; x_wconf 89' lang='lat' dir='ltr'>ipsa</span> <span class='ocrx_word' id='word_1_360' title='bbox 1065 3706 1171 3764; x_wconf 79' lang='lat' dir='ltr'>Romae</span> 
     </span>
     <span class='ocr_line' id='line_1_44' title="bbox 172 3779 1169 3862; baseline 0.003 -22"><span class='ocrx_word' id='word_1_361' title='bbox 172 3780 374 3862; x_wconf 83' lang='lat' dir='ltr'>populabundi</span> <span class='ocrx_word' id='word_1_362' title='bbox 395 3779 512 3860; x_wconf 70' lang='lat' dir='ltr'>regione</span> <span class='ocrx_word' id='word_1_363' title='bbox 533 3791 626 3859; x_wconf 81' lang='lat' dir='ltr'>portoe</span> <span class='ocrx_word' id='word_1_364' title='bbox 650 3784 812 3862; x_wconf 69' lang='lat' dir='ltr'>Esquiline</span> <span class='ocrx_word' id='word_1_365' title='bbox 835 3805 998 3855; x_wconf 85' lang='lat' dir='ltr'>accessere,</span> <span class='ocrx_word' id='word_1_366' title='bbox 1024 3782 1169 3845; x_wconf 84' lang='lat' dir='ltr'>vastatio·</span> 
     </span>
     <span class='ocr_line' id='line_1_45' title="bbox 173 3861 1171 3951; baseline 0.004 -30"><span class='ocrx_word' id='word_1_367' title='bbox 173 3877 242 3925; x_wconf 77' lang='lat' dir='ltr'>uem</span> <span class='ocrx_word' id='word_1_368' title='bbox 252 3880 388 3944; x_wconf 82' lang='lat' dir='ltr'>agrorum</span> <span class='ocrx_word' id='word_1_369' title='bbox 401 3880 454 3944; x_wconf 87' lang='lat' dir='ltr'>per</span> <span class='ocrx_word' id='word_1_370' title='bbox 466 3861 678 3951; x_wconf 76' lang='lat' dir='ltr'>contumelium</span> <span class='ocrx_word' id='word_1_371' title='bbox 692 3864 756 3927; x_wconf 89' lang='lat' dir='ltr'>urbi</span> <span class='ocrx_word' id='word_1_372' title='bbox 767 3870 950 3946; x_wconf 75' lang='lat' dir='ltr'>ostentantes</span> <span class='ocrx_word' id='word_1_373' title='bbox 962 3885 973 3941; x_wconf 82' lang='lat'>3</span> <span class='ocrx_word' id='word_1_374' title='bbox 992 3862 1071 3926; x_wconf 90' lang='lat' dir='ltr'>unde</span> <span class='ocrx_word' id='word_1_375' title='bbox 1084 3868 1171 3947; x_wconf 86' lang='lat' dir='ltr'>post·</span> 
     </span>
    </p>
   </div>
   <div class='ocr_carea' id='block_1_3' title="bbox 0 0 1341 4392">
    <p class='ocr_par' dir='ltr' id='par_1_4' title="bbox 0 0 1341 4392">
     <span class='ocr_line' id='line_1_46' title="bbox 0 0 1341 4392; baseline 0 0"><span class='ocrx_word' id='word_1_376' title='bbox 0 0 1341 4392; x_wconf 95' lang='lat' dir='ltr'> </span> 
     </span>
    </p>
   </div>
  </div>
 </body>
</html>
