2634 4392
1210 149 1213 229 ¹

537 283 668 346 mum
681 283 723 346 11.
1091 287 1128 344 er
1212 265 1213 286 ¹

107 464 108 469 ’
151 455 199 519 tur,
208 453 239 510 et
251 451 405 510 coenatum
422 443 501 506 torte
513 444 593 525 apud
606 443 747 512 Vitellios
760 437 849 513 esse't,
862 443 1068 524 conjuratique
1081 443 1132 516 ibi,

107 562 108 599 ι
149 529 255 590 remotis
267 525 396 595 arbitris,
409 525 504 586 multa
522 525 603 586 inter
615 544 648 585 se
662 525 699 584 de
713 543 799 593 novo,
813 530 852 598 ut
860 523 904 592 fit,
918 523 1042 584 conellio
1055 523 1132 604 egis-

150 619 223 680 sent3
243 603 408 670 sermonem
422 625 523 666 eorum
536 625 574 665 ex
594 605 688 664 servis
703 624 780 663 unus
793 603 920 684 excepit,
933 603 986 682 qui
1001 603 1065 683 jam
1079 624 1133 663 an-

149 695 188 748 tea
199 689 228 748 id
242 694 376 749 senserat
389 685 458 768 agi3
488 683 541 746 sed
562 705 627 745 eam
648 683 843 752 occasionem,
857 685 891 742 ut
910 682 1005 744 literae
1026 683 1133 764 legatis

149 769 286 837 darentur,
299 787 369 848 quae
384 766 577 846 deprebensae
587 783 650 824 rem
662 783 820 846 coarguere
855 772 964 831 ossent,
979 769 1134 845 exspecta·

147 850 209 917 bat3
227 855 382 928 postquam
396 845 482 908 datas
496 843 599 912 sensit,
614 865 677 904 rem
690 843 729 904 ad
744 783 881 904 consules
896 843 1013 902 detulit.
1054 843 1136 903 eona

149 929 275 998 sules,ad
295 925 560 1008 deprehendendos
574 925 688 1005 legatos
703 925 930 1004 conjuratosque
941 922 1067 1004 profecti
1081 923 1135 982 do-

148 1028 197 1075 mo,
209 1008 273 1071 sine
285 1007 417 1067 tumultu
437 1025 501 1067 rem
514 1023 631 1065 omnem
652 1005 843 1084 oppressere:
864 1002 1015 1075 literarum
1031 1005 1060 1062 in
1076 1002 1136 1082 pri·

147 1087 194 1145 mis
207 1087 305 1148 habita
326 1106 406 1155 cura,
419 1106 457 1146 ne
470 1083 703 1152 interciderent;
744 1081 922 1142 roditoribus
936 1083 1083 1161 extemplo
1104 1081 1136 1141 in

147 1166 255 1228 vincula
269 1164 424 1248 conjectis,
437 1165 475 1225 de
490 1163 595 1244 legatis
618 1104 785 1242 paullulum
799 1161 1004 1226 addubitatum
1019 1169 1065 1220 est
1077 1182 1085 1229 ;
1105 1166 1137 1221 et

147 1265 308 1327 quanquam
322 1245 378 1306 visi
399 1248 470 1305 sunt
483 1243 678 1313 commisisse,
691 1251 732 1300 ut⁴
745 1240 873 1302 bostium
888 1240 953 1300 loco
968 1242 1136 1320 essent,jus

147 1331 238 1384 tamen
251 1326 384 1407 gentium
398 1323 501 1384 valuit.

177 1405 212 1463 V.
236 1407 285 1464 De
297 1403 380 1463 bonis
394 1403 490 1483 regiis,
504 1423 572 1482 quae
589 1401 674 1463 reddi
695 1402 965 1470 antecameram,
992 1422 1040 1461 res
1060 1401 1138 1462 inte·

147 1503 189 1573 pa
203 1483 335 1544 refertur
347 1483 385 1542 ad
400 1484 523 1553 Patres3
544 1482 590 1541 illi
604 1482 678 1540 victi
698 1482 742 1540 irt
765 1489 885 1542 vetuere
901 1481 995 1551 reddi,
1016 1487 1139 1542 vetuere
1199 1545 1201 1551 k

146 1582 170 1621 m
181 1563 336 1644 publicum
356 1560 459 1645 redigi.
500 1561 676 1653 Diripienda
698 1562 775 1642 plebi
797 1571 866 1621 sunt
886 1561 956 1621 data
967 1583 976 1632 ;
1010 1568 1052 1630 ut,
1067 1581 1139 1620 con-

146 1649 219 1703 tacta
232 1642 315 1724 regit
334 1643 450 1722 praed'.,
463 1663 545 1732 spem
566 1662 598 1701 in
618 1651 795 1732 perpetuum
809 1641 935 1702 cumbis
950 1641 1031 1721 pacis
1051 1640 1139 1700 amit·
1212 1673 1213 1706 2

146 1728 224 1782 teret
280 1724 361 1802 Ager
381 1722 445 1780 Tar
466 1721 624 1788 cimorum,
645 1739 697 1798 qui
727 1720 806 1778 iuter
826 1722 929 1780 urbem
949 1739 984 1779 ac
999 1720 1140 1780 'Tiberim

144 1799 203 1870 luit,
216 1806 409 1863 consecratus
424 1742 527 1868 ndum,
543 1798 673 1858 Martius
693 1799 803 1859 deiude
817 1819 938 1879 campus
959 1800 1025 1859 fuit.
1067 1802 1139 1859 For-

144 1885 170 1938 te
184 1880 220 1941 ibi
241 1889 306 1941 tum
328 1901 412 1962 seges
426 1879 512 1941 farris
533 1879 644 1939 dicitur
664 1879 886 1940 fuissematura
908 1880 1016 1950 messi;
1050 1901 1140 1959 quem

146 1962 236 2042 campi
264 1961 395 2021 fructum
415 1959 485 2039 quia
506 1958 676 2040 religiosum
697 1964 761 2020 erat
782 1979 966 2029 consumere,
987 1961 1141 2020 desectam

146 2057 204 2099 cum
220 2047 384 2101 stramento
404 2048 534 2121 segetem
557 2060 663 2119 magna
677 2039 722 2098 vis
734 2039 884 2100 hominum
900 2040 987 2100 simul
1008 2040 1141 2100 immissa

147 2120 277 2179 corbibus
289 2119 396 2177 fudere
415 2119 447 2176 in
459 2118 603 2186 Tiberim,
617 2117 701 2175 tenui
727 2117 869 2178 fluentem
884 2127 972 2197 aqut,
985 2126 1020 2178 ut
1035 2120 1140 2180 mediis
1210 2159 1212 2196 p

147 2199 289 2258 caloribus
303 2197 399 2266 solet3
420 2195 463 2258 ita
476 2196 508 2256 in
522 2195 608 2254 vedis
618 2194 789 2254 baesitantis
800 2197 941 2256 frumenti
955 2219 1077 2262 acervos
1092 2219 1139 2259 se·
1211 2202 1212 2223 ¹

146 2275 218 2338 disse
241 2275 337 2336 illitos
357 2275 437 2336 limo.
491 2274 625 2335 Insulam
645 2271 717 2334 inde
739 2275 901 2355 paullatim,
923 2286 954 2335 et
971 2277 1049 2346 aliis,
1070 2297 1140 2356 quse

146 2353 196 2415 sert
209 2360 323 2416 temero
347 2353 468 2423 flumen,
494 2353 598 2416 eodem
618 2354 756 2423 invectis,
779 2355 885 2416 factam
896 2377 905 2426 ;
926 2363 1029 2435 postea
1050 2359 1140 2417 credo

147 2434 260 2496 additas
282 2436 384 2504 moles,
399 2454 546 2514 manuque
560 2434 706 2514 adjutum,
721 2440 828 2494 uttam
850 2435 983 2496 eminens
997 2454 1074 2506 area,
1089 2437 1140 2497 fir·
1211 2444 1212 2498 l

147 2533 247 2594 meque
258 2514 379 2595 templis
392 2534 511 2594 quoque
524 2534 560 2574 ac
574 2514 736 2595 porticibus
757 2515 940 2575 sustinendis
954 2511 1043 2578 esset
1087 2517 1140 2578 lli-
1211 2550 1212 2571 r

147 2596 231 2674 reptis
245 2594 332 2655 bonis
344 2615 456 2674 regum,
469 2593 603 2655 damnati
618 2594 790 2674 proditores,
802 2605 1010 2676 sumptumque
1025 2597 1140 2676 suppli·
1211 2651 1212 2662 ,

149 2672 229 2746 cium,
250 2674 441 2754 conspectius
468 2674 615 2752 el1,qubd
646 2693 743 2754 poenae
765 2674 917 2756 capienda
941 2675 1139 2736 ministerium
1211 2683 1212 2756 ᾗ

149 2755 217 2830 patri
230 2755 271 2814 de
292 2753 391 2815 liberis
413 2754 585 2814 consulatus
599 2752 748 2833 imposuit,
773 2763 812 2823 et,
840 2756 891 2834 qui
912 2763 1062 2836 spectator
1075 2763 1140 2818 erat
1211 2805 1212 2826 ,

149 2833 332 2902 amovendus,
353 2853 421 2893 eum
442 2832 538 2912 ipsum
560 2833 677 2892 fortuna
698 2840 865 2894 exactorem
887 2835 1024 2915 supplicii
1044 2837 1139 2898 dedit.
1211 2837 1212 2879 ἓ

151 2909 269 2974 Stabant
281 2911 404 2991 deligati
418 2908 456 2970 ad
467 2913 565 3001 palum
580 2912 753 2973 nobilissimi
760 2916 888 2994 juvenes
900 2935 908 2984 ;
929 2915 982 2974 sed
1000 2916 1009 2970 ἲ
1021 2915 1139 2986 ceteris,

151 2991 223 3054 velot
235 2994 276 3054 ab
289 2991 296 3004 ‘
319 2991 397 3050 notis
410 2990 566 3069 capitibus,
576 2993 706 3050 consulis
719 2991 804 3053 liberi
817 2993 947 3052 omnium
961 2994 992 3053 in
1007 3014 1039 3054 se
1053 3015 1139 3056 aver-

150 3072 239 3132 terant
252 3091 308 3132 ocu
321 3090 364 3139 os,
378 3069 594 3148 miserebatque
603 3089 664 3128 mm
678 3091 775 3150 prunae
790 3073 883 3152 magn
897 3073 1037 3142 homines,
1048 3094 1088 3152 qu
1097 3075 1139 3136 lm

151 3152 347 3232 scelerisque
361 3169 481 3230 poenam
495 3149 592 3209 meriti
606 3159 707 3210 essent
720 3171 729 3220 ;
749 3150 825 3220 illos,
839 3171 874 3211 eo
887 3152 1070 3231 potissimum
1084 3173 1138 3213 an·

150 3244 182 3288 no
193 3231 317 3310 patriam
331 3229 495 3297 liberatam,
509 3236 620 3310 patrem
634 3229 830 3299 liberatorem,
842 3232 1027 3294 consulatum
1042 3243 1138 3294 ortum

152 3326 182 3365 ex
194 3309 280 3370 domo
292 3309 391 3377 lunia,
405 3310 519 3375 Patres,
531 3309 657 3390 plebem,
672 3309 816 3388 quicquid
830 3311 960 3370 Deorum
974 3311 1138 3374 homiuum-

152 3405 202 3464 que
222 3392 423 3452 Rornamrum
453 3396 540 3456 esset,
560 3388 715 3449 induxisse
745 3389 776 3450 in
797 3389 938 3459 animum,
958 3401 992 3452 ut
1013 3395 1137 3472 superbo

153 3469 294 3543 quondam
315 3470 385 3550 regi,
398 3475 459 3528 tum
481 3467 591 3529 infesto
610 3469 715 3536 exsuli,
732 3469 897 3548 proderent.
937 3471 1086 3532 Consules
1106 3473 1138 3532 in

153 3547 246 3608 sedem
261 3568 427 3627 processere
441 3567 534 3616 suam,
544 3546 684 3626 missique
698 3548 817 3612 lictores
828 3548 866 3608 ad
880 3551 1056 3611 sumendum
1068 3572 1138 3632 sup-

152 3623 272 3711 plicium,
288 3627 411 3687 nudatos
432 3627 522 3707 virgis
542 3627 675 3695 cedunt,
695 3627 851 3710 securique
879 3629 1005 3700 feriunt3
1044 3649 1138 3710 quum

153 3713 222 3766 mter
234 3718 321 3767 omne
342 3716 458 3797 tempus
479 3719 571 3787 pater,
592 3706 761 3785 vultusque,
782 3715 813 3767 et
833 3729 865 3768 os
878 3711 953 3787 ejus,
968 3709 1137 3788 spectaculo

154 3787 394 3857 contemnente
406 3806 504 3850 ammo
505 3785 613 3924 ¹patrio
632 3786 712 3848 inter
724 3781 851 3870 publicae
870 3807 965 3870 pene
979 3787 1137 3852 ministeri-
