<?xml version="1.0" encoding="UTF-8"?>
<!DOCTYPE html PUBLIC "-//W3C//DTD XHTML 1.0 Transitional//EN"
    "http://www.w3.org/TR/xhtml1/DTD/xhtml1-transitional.dtd">
<html xmlns="http://www.w3.org/1999/xhtml" xml:lang="en" lang="en">
 <head>
  <title>
</title>
<meta http-equiv="Content-Type" content="text/html;charset=utf-8" />
  <meta name='ocr-system' content='tesseract 3.04.00' />
  <meta name='ocr-capabilities' content='ocr_page ocr_carea ocr_par ocr_line ocrx_word'/>
</head>
<body>
  <div class='ocr_page' id='page_1' title='image "./titiliviipatavi02livygoog_0060.png"; bbox 0 0 2634 4392; ppageno 0'>
   <div class='ocr_carea' id='block_1_1' title="bbox 189 311 770 405">
    <p class='ocr_par' dir='ltr' id='par_1_1' title="bbox 189 311 770 405">
     <span class='ocr_line' id='line_1_1' title="bbox 189 311 770 405; baseline -0.005 -31"><span class='ocrx_word' id='word_1_1' title='bbox 189 317 229 380; x_wconf 74' lang='lat' dir='ltr'><strong>rs</strong></span> <span class='ocrx_word' id='word_1_2' title='bbox 602 311 770 405; x_wconf 69' lang='lat' dir='ltr'><strong>enirn</strong></span> 
     </span>
    </p>
   </div>
   <div class='ocr_carea' id='block_1_2' title="bbox 121 462 1218 3816">
    <p class='ocr_par' dir='ltr' id='par_1_2' title="bbox 121 462 1218 3176">
     <span class='ocr_line' id='line_1_2' title="bbox 188 462 1177 553; baseline 0.005 -20"><span class='ocrx_word' id='word_1_3' title='bbox 188 462 328 533; x_wconf 80' lang='lat' dir='ltr'><strong>Lartium</strong></span> <span class='ocrx_word' id='word_1_4' title='bbox 338 469 476 530; x_wconf 88' lang='lat' dir='ltr'><strong>consules</strong></span> <span class='ocrx_word' id='word_1_5' title='bbox 487 469 600 532; x_wconf 83' lang='lat' dir='ltr'><strong>habuit.</strong></span> <span class='ocrx_word' id='word_1_6' title='bbox 639 473 685 530; x_wconf 82' lang='lat' dir='ltr'><strong>Eo</strong></span> <span class='ocrx_word' id='word_1_7' title='bbox 698 492 776 533; x_wconf 89' lang='lat' dir='ltr'><strong>anno</strong></span> <span class='ocrx_word' id='word_1_8' title='bbox 789 471 901 542; x_wconf 75' lang='lat' dir='ltr'><strong>Rome,</strong></span> <span class='ocrx_word' id='word_1_9' title='bbox 914 491 1006 550; x_wconf 82' lang='lat' dir='ltr'><strong>quum</strong></span> <span class='ocrx_word' id='word_1_10' title='bbox 1020 491 1075 553; x_wconf 85' lang='lat' dir='ltr'><strong>per</strong></span> <span class='ocrx_word' id='word_1_11' title='bbox 1097 463 1177 538; x_wconf 80' lang='lat' dir='ltr'><strong>ludus</strong></span> 
     </span>
     <span class='ocr_line' id='line_1_3' title="bbox 188 549 1177 633; baseline 0 -19"><span class='ocrx_word' id='word_1_12' title='bbox 188 555 226 614; x_wconf 84' lang='lat' dir='ltr'><strong>ab</strong></span> <span class='ocrx_word' id='word_1_13' title='bbox 247 549 420 610; x_wconf 89' lang='lat' dir='ltr'><strong>Sabinorum</strong></span> <span class='ocrx_word' id='word_1_14' title='bbox 441 552 603 629; x_wconf 75' lang='lat' dir='ltr'><strong>juventute</strong></span> <span class='ocrx_word' id='word_1_15' title='bbox 621 571 677 630; x_wconf 89' lang='lat' dir='ltr'><strong>per</strong></span> <span class='ocrx_word' id='word_1_16' title='bbox 704 551 856 612; x_wconf 88' lang='lat' dir='ltr'><strong>lasciviam</strong></span> <span class='ocrx_word' id='word_1_17' title='bbox 880 561 977 612; x_wconf 88' lang='lat' dir='ltr'><strong>scorta</strong></span> <span class='ocrx_word' id='word_1_18' title='bbox 998 562 1177 633; x_wconf 79' lang='lat' dir='ltr'><strong>raperentur,</strong></span> 
     </span>
     <span class='ocr_line' id='line_1_4' title="bbox 187 629 1177 712; baseline 0.003 -21"><span class='ocrx_word' id='word_1_19' title='bbox 187 649 332 692; x_wconf 82' lang='lat' dir='ltr'><strong>concursu</strong></span> <span class='ocrx_word' id='word_1_20' title='bbox 353 629 502 690; x_wconf 88' lang='lat' dir='ltr'><strong>bominum</strong></span> <span class='ocrx_word' id='word_1_21' title='bbox 529 631 641 690; x_wconf 68' lang='lat' dir='ltr'><strong>rixam</strong></span> <span class='ocrx_word' id='word_1_22' title='bbox 663 652 753 712; x_wconf 82' lang='lat' dir='ltr'><strong>prope</strong></span> <span class='ocrx_word' id='word_1_23' title='bbox 774 631 911 712; x_wconf 89' lang='lat' dir='ltr'><strong>prueliurn</strong></span> <span class='ocrx_word' id='word_1_24' title='bbox 924 631 1001 703; x_wconf 85' lang='lat' dir='ltr'><strong>fuit;</strong></span> <span class='ocrx_word' id='word_1_25' title='bbox 1034 653 1177 712; x_wconf 87' lang='lat' dir='ltr'><strong>parvaque</strong></span> 
     </span>
     <span class='ocr_line' id='line_1_5' title="bbox 188 709 1177 806; baseline 0.003 -37"><span class='ocrx_word' id='word_1_26' title='bbox 188 731 271 770; x_wconf 87' lang='lat' dir='ltr'><strong>exre</strong></span> <span class='ocrx_word' id='word_1_27' title='bbox 286 711 324 770; x_wconf 88' lang='lat' dir='ltr'><strong>ad</strong></span> <span class='ocrx_word' id='word_1_28' title='bbox 340 709 536 770; x_wconf 79' lang='lat' dir='ltr'><strong>rebellionem</strong></span> <span class='ocrx_word' id='word_1_29' title='bbox 554 714 694 792; x_wconf 82' lang='lat' dir='ltr'><strong>&#39;spectare</strong></span> <span class='ocrx_word' id='word_1_30' title='bbox 715 731 762 772; x_wconf 87' lang='lat' dir='ltr'><strong>res</strong></span> <span class='ocrx_word' id='word_1_31' title='bbox 789 711 954 772; x_wconf 88' lang='lat' dir='ltr'><strong>videbatur.</strong></span> <span class='ocrx_word' id='word_1_32' title='bbox 996 712 1092 806; x_wconf 86' lang='lat' dir='ltr'><strong>Supra</strong></span> <span class='ocrx_word' id='word_1_33' title='bbox 1112 713 1177 772; x_wconf 91' lang='lat' dir='ltr'><strong>belli</strong></span> 
     </span>
     <span class='ocr_line' id='line_1_6' title="bbox 186 789 1176 872; baseline -0.001 -21"><span class='ocrx_word' id='word_1_34' title='bbox 186 789 289 852; x_wconf 77' lang='lat' dir='ltr'><strong>Latini</strong></span> <span class='ocrx_word' id='word_1_35' title='bbox 304 797 416 849; x_wconf 89' lang='lat' dir='ltr'><strong>metum</strong></span> <span class='ocrx_word' id='word_1_36' title='bbox 428 789 459 847; x_wconf 92' lang='lat' dir='ltr'><strong>id</strong></span> <span class='ocrx_word' id='word_1_37' title='bbox 473 810 591 870; x_wconf 89' lang='lat' dir='ltr'><strong>quoque</strong></span> <span class='ocrx_word' id='word_1_38' title='bbox 611 799 788 861; x_wconf 77' lang='lat' dir='ltr'><strong>accesserat,</strong></span> <span class='ocrx_word' id='word_1_39' title='bbox 802 791 882 870; x_wconf 90' lang='lat' dir='ltr'><strong>quod</strong></span> <span class='ocrx_word' id='word_1_40' title='bbox 896 791 1017 872; x_wconf 86' lang='lat' dir='ltr'><strong>triginta</strong></span> <span class='ocrx_word' id='word_1_41' title='bbox 1037 813 1101 871; x_wconf 86' lang='lat' dir='ltr'><strong>Jam</strong></span> <span class='ocrx_word' id='word_1_42' title='bbox 1111 812 1176 852; x_wconf 91' lang='lat' dir='ltr'><strong>con·</strong></span> 
     </span>
     <span class='ocr_line' id='line_1_7' title="bbox 181 869 1176 951; baseline 0.003 -23"><span class='ocrx_word' id='word_1_43' title='bbox 181 871 302 951; x_wconf 67' lang='lat' dir='ltr'><strong>jurisse</strong></span> <span class='ocrx_word' id='word_1_44' title='bbox 328 869 461 950; x_wconf 89' lang='lat' dir='ltr'><strong>populos,</strong></span> <span class='ocrx_word' id='word_1_45' title='bbox 488 869 657 931; x_wconf 81' lang='lat' dir='ltr'><strong>concitante</strong></span> <span class='ocrx_word' id='word_1_46' title='bbox 672 872 797 933; x_wconf 85' lang='lat' dir='ltr'><strong>Octavio</strong></span> <span class='ocrx_word' id='word_1_47' title='bbox 819 870 965 940; x_wconf 73' lang='lat' dir='ltr'><strong>Mamilio,</strong></span> <span class='ocrx_word' id='word_1_48' title='bbox 979 871 1051 932; x_wconf 90' lang='lat' dir='ltr'><strong>satis</strong></span> <span class='ocrx_word' id='word_1_49' title='bbox 1066 869 1176 932; x_wconf 84' lang='lat' dir='ltr'><strong>consta·</strong></span> 
     </span>
     <span class='ocr_line' id='line_1_8' title="bbox 185 950 1175 1031; baseline 0.004 -23"><span class='ocrx_word' id='word_1_50' title='bbox 185 953 245 1009; x_wconf 83' lang='lat' dir='ltr'><strong>bat.</strong></span> <span class='ocrx_word' id='word_1_51' title='bbox 287 951 322 1008; x_wconf 93' lang='lat' dir='ltr'><strong>ln</strong></span> <span class='ocrx_word' id='word_1_52' title='bbox 336 951 390 1009; x_wconf 93' lang='lat' dir='ltr'><strong>bac</strong></span> <span class='ocrx_word' id='word_1_53' title='bbox 414 958 564 1008; x_wconf 83' lang='lat' dir='ltr'><strong>tantarum</strong></span> <span class='ocrx_word' id='word_1_54' title='bbox 578 951 800 1031; x_wconf 80' lang='lat' dir='ltr'><strong>exspectatione</strong></span> <span class='ocrx_word' id='word_1_55' title='bbox 814 971 913 1011; x_wconf 89' lang='lat' dir='ltr'><strong>rerum</strong></span> <span class='ocrx_word' id='word_1_56' title='bbox 934 950 1060 1010; x_wconf 68' lang='lat' dir='ltr'><strong>solliciti.</strong></span> <span class='ocrx_word' id='word_1_57' title='bbox 1077 951 1175 1012; x_wconf 84' lang='lat' dir='ltr'><strong>civita·</strong></span> 
     </span>
     <span class='ocr_line' id='line_1_9' title="bbox 184 1029 1176 1110; baseline 0.001 -21"><span class='ocrx_word' id='word_1_58' title='bbox 184 1035 227 1097; x_wconf 84' lang='lat' dir='ltr'><strong>te,</strong></span> <span class='ocrx_word' id='word_1_59' title='bbox 240 1029 395 1089; x_wconf 88' lang='lat' dir='ltr'><strong>dictatoris</strong></span> <span class='ocrx_word' id='word_1_60' title='bbox 408 1029 537 1108; x_wconf 71' lang='lat' dir='ltr'><strong>primum</strong></span> <span class='ocrx_word' id='word_1_61' title='bbox 550 1029 671 1092; x_wconf 83' lang='lat' dir='ltr'><strong>creandi</strong></span> <span class='ocrx_word' id='word_1_62' title='bbox 687 1030 797 1091; x_wconf 75' lang='lat' dir='ltr'><strong>oruntio</strong></span> <span class='ocrx_word' id='word_1_63' title='bbox 810 1038 875 1091; x_wconf 87' lang='lat' dir='ltr'><strong>orta</strong></span> <span class='ocrx_word' id='word_1_64' title='bbox 883 1033 903 1102; x_wconf 71' lang='grc' dir='ltr'><strong>ς’</strong></span> <span class='ocrx_word' id='word_1_65' title='bbox 914 1031 966 1091; x_wconf 87' lang='lat' dir='ltr'><strong>sed</strong></span> <span class='ocrx_word' id='word_1_66' title='bbox 987 1051 1045 1110; x_wconf 86' lang='lat' dir='ltr'><strong>nec</strong></span> <span class='ocrx_word' id='word_1_67' title='bbox 1059 1051 1118 1110; x_wconf 91' lang='lat' dir='ltr'><strong>quo</strong></span> <span class='ocrx_word' id='word_1_68' title='bbox 1130 1051 1176 1090; x_wconf 89' lang='lat' dir='ltr'><strong>au·</strong></span> 
     </span>
     <span class='ocr_line' id='line_1_10' title="bbox 186 1108 1177 1190; baseline 0.001 -21"><span class='ocrx_word' id='word_1_69' title='bbox 186 1128 235 1178; x_wconf 92' lang='lat' dir='ltr'><strong>no,</strong></span> <span class='ocrx_word' id='word_1_70' title='bbox 249 1130 304 1169; x_wconf 91' lang='lat' dir='ltr'><strong>uec</strong></span> <span class='ocrx_word' id='word_1_71' title='bbox 331 1108 439 1188; x_wconf 88' lang='lat' dir='ltr'><strong>quibus</strong></span> <span class='ocrx_word' id='word_1_72' title='bbox 460 1111 641 1180; x_wconf 85' lang='lat' dir='ltr'><strong>consulibus,</strong></span> <span class='ocrx_word' id='word_1_73' title='bbox 654 1111 726 1188; x_wconf 87' lang='lat' dir='ltr'><strong>quia</strong></span> <span class='ocrx_word' id='word_1_74' title='bbox 749 1130 787 1170; x_wconf 85' lang='lat' dir='ltr'><strong>ex</strong></span> <span class='ocrx_word' id='word_1_75' title='bbox 805 1110 935 1170; x_wconf 78' lang='lat' dir='ltr'><strong>lectione</strong></span> <span class='ocrx_word' id='word_1_76' title='bbox 950 1110 1117 1190; x_wconf 82' lang='lat' dir='ltr'><strong>Tarquinia</strong></span> <span class='ocrx_word' id='word_1_77' title='bbox 1135 1131 1177 1170; x_wconf 90' lang='lat' dir='ltr'><strong>es·</strong></span> 
     </span>
     <span class='ocr_line' id='line_1_11' title="bbox 187 1188 1176 1271; baseline 0.001 -23"><span class='ocrx_word' id='word_1_78' title='bbox 187 1196 255 1249; x_wconf 92' lang='lat' dir='ltr'><strong>sent</strong></span> <span class='ocrx_word' id='word_1_79' title='bbox 282 1188 325 1268; x_wconf 93' lang='lat' dir='ltr'><strong>(id</strong></span> <span class='ocrx_word' id='word_1_80' title='bbox 357 1208 475 1268; x_wconf 92' lang='lat' dir='ltr'><strong>quoque</strong></span> <span class='ocrx_word' id='word_1_81' title='bbox 496 1189 575 1248; x_wconf 89' lang='lat' dir='ltr'><strong>enim</strong></span> <span class='ocrx_word' id='word_1_82' title='bbox 596 1190 736 1271; x_wconf 87' lang='lat' dir='ltr'><strong>traditur)</strong></span> <span class='ocrx_word' id='word_1_83' title='bbox 764 1211 868 1270; x_wconf 84' lang='lat' dir='ltr'><strong>pamm</strong></span> <span class='ocrx_word' id='word_1_84' title='bbox 889 1191 1039 1249; x_wconf 91' lang='lat' dir='ltr'><strong>creditum</strong></span> <span class='ocrx_word' id='word_1_85' title='bbox 1060 1191 1107 1259; x_wconf 88' lang='lat' dir='ltr'><strong>sit,</strong></span> <span class='ocrx_word' id='word_1_86' title='bbox 1128 1210 1176 1250; x_wconf 91' lang='lat' dir='ltr'><strong>nec</strong></span> 
     </span>
     <span class='ocr_line' id='line_1_12' title="bbox 187 1267 1175 1362; baseline 0.002 -36"><span class='ocrx_word' id='word_1_87' title='bbox 187 1267 254 1346; x_wconf 90' lang='lat' dir='ltr'><strong>quis</strong></span> <span class='ocrx_word' id='word_1_88' title='bbox 271 1268 396 1348; x_wconf 73' lang='lat' dir='ltr'><strong>primlm</strong></span> <span class='ocrx_word' id='word_1_89' title='bbox 411 1269 539 1329; x_wconf 88' lang='lat' dir='ltr'><strong>dictator</strong></span> <span class='ocrx_word' id='word_1_90' title='bbox 553 1278 670 1327; x_wconf 89' lang='lat' dir='ltr'><strong>creatus</strong></span> <span class='ocrx_word' id='word_1_91' title='bbox 685 1269 732 1338; x_wconf 88' lang='lat' dir='ltr'><strong>sit,</strong></span> <span class='ocrx_word' id='word_1_92' title='bbox 747 1272 819 1328; x_wconf 87' lang='lat' dir='ltr'><strong>satis</strong></span> <span class='ocrx_word' id='word_1_93' title='bbox 834 1276 971 1339; x_wconf 81' lang='lat' dir='ltr'><strong>coustst3</strong></span> <span class='ocrx_word' id='word_1_94' title='bbox 992 1271 1072 1362; x_wconf 87' lang='lat' dir='ltr'><strong>apud</strong></span> <span class='ocrx_word' id='word_1_95' title='bbox 1087 1275 1175 1330; x_wconf 85' lang='lat' dir='ltr'><strong>veter·</strong></span> 
     </span>
     <span class='ocr_line' id='line_1_13' title="bbox 174 1347 1174 1430; baseline 0.007 -29"><span class='ocrx_word' id='word_1_96' title='bbox 174 1347 276 1408; x_wconf 52' lang='lat' dir='ltr'><strong>.rimos</strong></span> <span class='ocrx_word' id='word_1_97' title='bbox 290 1356 387 1408; x_wconf 84' lang='lat' dir='ltr'><strong>tamen</strong></span> <span class='ocrx_word' id='word_1_98' title='bbox 410 1357 545 1407; x_wconf 88' lang='lat' dir='ltr'><strong>auctores</strong></span> <span class='ocrx_word' id='word_1_99' title='bbox 566 1348 604 1405; x_wconf 91' lang='lat' dir='ltr'><strong>T.</strong></span> <span class='ocrx_word' id='word_1_100' title='bbox 625 1348 762 1407; x_wconf 85' lang='lat' dir='ltr'><strong>Lartium</strong></span> <span class='ocrx_word' id='word_1_101' title='bbox 783 1348 960 1409; x_wconf 81' lang='lat' dir='ltr'><strong>dictatorem</strong></span> <span class='ocrx_word' id='word_1_102' title='bbox 980 1370 1118 1430; x_wconf 79' lang='lat' dir='ltr'><strong>primum,</strong></span> <span class='ocrx_word' id='word_1_103' title='bbox 1132 1350 1174 1428; x_wconf 86' lang='lat' dir='ltr'><strong>Sp</strong></span> 
     </span>
     <span class='ocr_line' id='line_1_14' title="bbox 187 1427 1174 1507; baseline 0.001 -21"><span class='ocrx_word' id='word_1_104' title='bbox 187 1428 324 1486; x_wconf 86' lang='lat' dir='ltr'><strong>Cassium</strong></span> <span class='ocrx_word' id='word_1_105' title='bbox 341 1427 510 1507; x_wconf 83' lang='lat' dir='ltr'><strong>magistrum</strong></span> <span class='ocrx_word' id='word_1_106' title='bbox 525 1427 670 1505; x_wconf 88' lang='lat' dir='ltr'><strong>equitnm,</strong></span> <span class='ocrx_word' id='word_1_107' title='bbox 693 1434 808 1488; x_wconf 88' lang='lat' dir='ltr'><strong>creatos</strong></span> <span class='ocrx_word' id='word_1_108' title='bbox 833 1429 961 1488; x_wconf 89' lang='lat' dir='ltr'><strong>invenio.</strong></span> <span class='ocrx_word' id='word_1_109' title='bbox 1002 1429 1174 1488; x_wconf 76' lang='lat' dir='ltr'><strong>Consulares</strong></span> 
     </span>
     <span class='ocr_line' id='line_1_15' title="bbox 186 1505 1218 1587; baseline 0.005 -23"><span class='ocrx_word' id='word_1_110' title='bbox 186 1505 307 1587; x_wconf 68' lang='lat' dir='ltr'><strong>legtre5</strong></span> <span class='ocrx_word' id='word_1_111' title='bbox 328 1507 368 1565; x_wconf 86' lang='lat' dir='ltr'><strong>ita</strong></span> <span class='ocrx_word' id='word_1_112' title='bbox 383 1507 431 1564; x_wconf 87' lang='lat' dir='ltr'><strong>lex</strong></span> <span class='ocrx_word' id='word_1_113' title='bbox 450 1508 582 1586; x_wconf 79' lang='lat' dir='ltr'><strong>jubebat,</strong></span> <span class='ocrx_word' id='word_1_114' title='bbox 597 1507 635 1566; x_wconf 93' lang='lat' dir='ltr'><strong>de</strong></span> <span class='ocrx_word' id='word_1_115' title='bbox 649 1506 794 1567; x_wconf 82' lang='lat' dir='ltr'><strong>dictatore</strong></span> <span class='ocrx_word' id='word_1_116' title='bbox 808 1509 937 1568; x_wconf 91' lang='lat' dir='ltr'><strong>creando</strong></span> <span class='ocrx_word' id='word_1_117' title='bbox 950 1508 1022 1568; x_wconf 85' lang='lat' dir='ltr'><strong>lata.</strong></span> <span class='ocrx_word' id='word_1_118' title='bbox 1063 1510 1109 1570; x_wconf 74' lang='lat' dir='ltr'><strong>El</strong></span> <span class='ocrx_word' id='word_1_119' title='bbox 1121 1527 1174 1568; x_wconf 85' lang='lat' dir='ltr'><strong>mu·</strong></span> <span class='ocrx_word' id='word_1_120' title='bbox 1217 1509 1218 1514; x_wconf 68' lang='grc'>’</span> 
     </span>
     <span class='ocr_line' id='line_1_16' title="bbox 185 1585 1218 1680; baseline 0.002 -36"><span class='ocrx_word' id='word_1_121' title='bbox 185 1585 231 1666; x_wconf 80' lang='lat' dir='ltr'><strong>gis</strong></span> <span class='ocrx_word' id='word_1_122' title='bbox 245 1585 387 1654; x_wconf 88' lang='lat' dir='ltr'><strong>adducor,</strong></span> <span class='ocrx_word' id='word_1_123' title='bbox 401 1592 435 1644; x_wconf 95' lang='lat' dir='ltr'><strong>ut</strong></span> <span class='ocrx_word' id='word_1_124' title='bbox 446 1586 575 1654; x_wconf 91' lang='lat' dir='ltr'><strong>credam,</strong></span> <span class='ocrx_word' id='word_1_125' title='bbox 587 1586 732 1655; x_wconf 72' lang='lat' dir='ltr'><strong>Lartium3</strong></span> <span class='ocrx_word' id='word_1_126' title='bbox 746 1587 798 1666; x_wconf 88' lang='lat' dir='ltr'><strong>qui</strong></span> <span class='ocrx_word' id='word_1_127' title='bbox 811 1588 974 1647; x_wconf 90' lang='lat' dir='ltr'><strong>consularis</strong></span> <span class='ocrx_word' id='word_1_128' title='bbox 988 1594 1063 1658; x_wconf 88' lang='lat' dir='ltr'><strong>erat,</strong></span> <span class='ocrx_word' id='word_1_129' title='bbox 1077 1587 1175 1680; x_wconf 67' lang='lat' dir='ltr'><strong>potius,</strong></span> <span class='ocrx_word' id='word_1_130' title='bbox 1217 1627 1218 1630; x_wconf 55' lang='lat'><em>=</em></span> 
     </span>
     <span class='ocr_line' id='line_1_17' title="bbox 186 1665 1174 1804; baseline 0.002 -81"><span class='ocrx_word' id='word_1_131' title='bbox 186 1685 225 1804; x_wconf 77' lang='lat' dir='ltr'><strong>qu</strong></span> <span class='ocrx_word' id='word_1_132' title='bbox 248 1687 276 1724; x_wconf 93' lang='lat' dir='ltr'><strong>m</strong></span> <span class='ocrx_word' id='word_1_133' title='bbox 293 1667 337 1724; x_wconf 89' lang='grc' dir='ltr'><strong>Μ.</strong></span> <span class='ocrx_word' id='word_1_134' title='bbox 350 1665 512 1736; x_wconf 84' lang='lat' dir='ltr'><strong>Valerium,</strong></span> <span class='ocrx_word' id='word_1_135' title='bbox 537 1667 582 1725; x_wconf 88' lang='lat' dir='ltr'><strong>M.</strong></span> <span class='ocrx_word' id='word_1_136' title='bbox 602 1665 706 1735; x_wconf 87' lang='lat' dir='ltr'><strong>filium,</strong></span> <span class='ocrx_word' id='word_1_137' title='bbox 730 1665 833 1727; x_wconf 83' lang='lat' dir='ltr'><strong>Volesi</strong></span> <span class='ocrx_word' id='word_1_138' title='bbox 864 1673 1010 1747; x_wconf 85' lang='lat' dir='ltr'><strong>nepotem,</strong></span> <span class='ocrx_word' id='word_1_139' title='bbox 1035 1687 1088 1746; x_wconf 86' lang='lat' dir='ltr'><strong>qur</strong></span> <span class='ocrx_word' id='word_1_140' title='bbox 1110 1687 1174 1726; x_wconf 88' lang='lat' dir='ltr'><strong>non·</strong></span> 
     </span>
     <span class='ocr_line' id='line_1_18' title="bbox 208 1745 1218 1826; baseline 0 -22"><span class='ocrx_word' id='word_1_141' title='bbox 208 1766 257 1804; x_wconf 91' lang='lat' dir='ltr'><strong>um</strong></span> <span class='ocrx_word' id='word_1_142' title='bbox 272 1745 375 1805; x_wconf 90' lang='lat' dir='ltr'><strong>consul</strong></span> <span class='ocrx_word' id='word_1_143' title='bbox 397 1745 504 1815; x_wconf 84' lang='lat' dir='ltr'><strong>luerat,</strong></span> <span class='ocrx_word' id='word_1_144' title='bbox 524 1747 739 1808; x_wconf 83' lang='lat' dir='ltr'><strong>moderatorem</strong></span> <span class='ocrx_word' id='word_1_145' title='bbox 761 1754 792 1805; x_wconf 91' lang='lat' dir='ltr'><strong>et</strong></span> <span class='ocrx_word' id='word_1_146' title='bbox 812 1747 985 1826; x_wconf 79' lang='lat' dir='ltr'><strong>inagistrum</strong></span> <span class='ocrx_word' id='word_1_147' title='bbox 1012 1747 1174 1806; x_wconf 87' lang='lat' dir='ltr'><strong>consulibus</strong></span> <span class='ocrx_word' id='word_1_148' title='bbox 1217 1807 1218 1814; x_wconf 9' lang='grc' dir='ltr'>χ</span> 
     </span>
     <span class='ocr_line' id='line_1_19' title="bbox 184 1825 1175 1904; baseline -0.002 -20"><span class='ocrx_word' id='word_1_149' title='bbox 184 1826 371 1904; x_wconf 74' lang='lat' dir='ltr'><strong>appositum3</strong></span> <span class='ocrx_word' id='word_1_150' title='bbox 404 1825 465 1903; x_wconf 89' lang='lat' dir='ltr'><strong>qui,</strong></span> <span class='ocrx_word' id='word_1_151' title='bbox 487 1825 511 1885; x_wconf 88' lang='lat' dir='ltr'><strong>si</strong></span> <span class='ocrx_word' id='word_1_152' title='bbox 533 1829 658 1885; x_wconf 80' lang='lat' dir='ltr'><strong>maxime</strong></span> <span class='ocrx_word' id='word_1_153' title='bbox 680 1847 716 1885; x_wconf 84' lang='lat' dir='ltr'><strong>ex</strong></span> <span class='ocrx_word' id='word_1_154' title='bbox 737 1847 771 1886; x_wconf 88' lang='lat' dir='ltr'><strong>ea</strong></span> <span class='ocrx_word' id='word_1_155' title='bbox 798 1825 909 1885; x_wconf 86' lang='lat' dir='ltr'><strong>somilia</strong></span> <span class='ocrx_word' id='word_1_156' title='bbox 930 1826 987 1904; x_wconf 80' lang='lat' dir='ltr'><strong>legi</strong></span> <span class='ocrx_word' id='word_1_157' title='bbox 1008 1826 1175 1888; x_wconf 88' lang='lat' dir='ltr'><strong>dictatorem</strong></span> 
     </span>
     <span class='ocr_line' id='line_1_20' title="bbox 185 1904 1175 1984; baseline 0 -22"><span class='ocrx_word' id='word_1_158' title='bbox 185 1906 310 1972; x_wconf 82' lang='lat' dir='ltr'><strong>vellent,</strong></span> <span class='ocrx_word' id='word_1_159' title='bbox 323 1912 437 1983; x_wconf 83' lang='lat' dir='ltr'><strong>patrem</strong></span> <span class='ocrx_word' id='word_1_160' title='bbox 452 1906 543 1962; x_wconf 63' lang='lat' dir='ltr'><strong>mult*</strong></span> <span class='ocrx_word' id='word_1_161' title='bbox 560 1904 661 1984; x_wconf 51' lang='lat' dir='ltr'><strong>potiris</strong></span> <span class='ocrx_word' id='word_1_162' title='bbox 677 1906 720 1962; x_wconf 89' lang='lat' dir='ltr'><strong>M.</strong></span> <span class='ocrx_word' id='word_1_163' title='bbox 742 1905 904 1972; x_wconf 88' lang='lat' dir='ltr'><strong>Valerium,</strong></span> <span class='ocrx_word' id='word_1_164' title='bbox 932 1912 1074 1983; x_wconf 72' lang='lat' dir='ltr'><strong>spectate</strong></span> <span class='ocrx_word' id='word_1_165' title='bbox 1090 1906 1175 1965; x_wconf 86' lang='lat' dir='ltr'><strong>virtu·</strong></span> 
     </span>
     <span class='ocr_line' id='line_1_21' title="bbox 185 1982 1173 2062; baseline -0.004 -19"><span class='ocrx_word' id='word_1_166' title='bbox 185 1983 225 2043; x_wconf 84' lang='lat' dir='ltr'><strong>tis</strong></span> <span class='ocrx_word' id='word_1_167' title='bbox 239 1990 270 2042; x_wconf 88' lang='lat' dir='ltr'><strong>et</strong></span> <span class='ocrx_word' id='word_1_168' title='bbox 294 1984 478 2042; x_wconf 88' lang='lat' dir='ltr'><strong>consularem</strong></span> <span class='ocrx_word' id='word_1_169' title='bbox 500 1982 605 2052; x_wconf 90' lang='lat' dir='ltr'><strong>virum,</strong></span> <span class='ocrx_word' id='word_1_170' title='bbox 631 1983 660 2041; x_wconf 94' lang='lat' dir='ltr'><strong>le</strong></span> <span class='ocrx_word' id='word_1_171' title='bbox 682 1984 783 2043; x_wconf 76' lang='lat' dir='ltr'><strong>&#39;ssent</strong></span> <span class='ocrx_word' id='word_1_172' title='bbox 824 1984 933 2044; x_wconf 87' lang='lat' dir='ltr'><strong>Creato</strong></span> <span class='ocrx_word' id='word_1_173' title='bbox 954 1982 1102 2044; x_wconf 83' lang='lat' dir='ltr'><strong>dictatore</strong></span> <span class='ocrx_word' id='word_1_174' title='bbox 1122 1982 1173 2062; x_wconf 91' lang='lat' dir='ltr'><strong>pri·</strong></span> 
     </span>
     <span class='ocr_line' id='line_1_22' title="bbox 184 2003 1174 2143; baseline -0.003 -21"><span class='ocrx_word' id='word_1_175' title='bbox 184 2065 266 2123; x_wconf 61' lang='lat' dir='ltr'><strong>mom</strong></span> <span class='ocrx_word' id='word_1_176' title='bbox 288 2063 401 2130; x_wconf 60' lang='lat' dir='ltr'><strong>Romae,</strong></span> <span class='ocrx_word' id='word_1_177' title='bbox 415 2073 571 2143; x_wconf 86' lang='lat' dir='ltr'><strong>postquam</strong></span> <span class='ocrx_word' id='word_1_178' title='bbox 592 2003 727 2142; x_wconf 47' lang='lat' dir='ltr'><strong>praeddrri</strong></span> <span class='ocrx_word' id='word_1_179' title='bbox 749 2083 867 2124; x_wconf 89' lang='lat' dir='ltr'><strong>secures</strong></span> <span class='ocrx_word' id='word_1_180' title='bbox 888 2063 1039 2133; x_wconf 88' lang='lat' dir='ltr'><strong>viderunt,</strong></span> <span class='ocrx_word' id='word_1_181' title='bbox 1061 2067 1174 2143; x_wconf 68' lang='lat' dir='ltr'><strong>magnus</strong></span> 
     </span>
     <span class='ocr_line' id='line_1_23' title="bbox 121 2140 1217 2222; baseline 0.004 -22"><span class='ocrx_word' id='word_1_182' title='bbox 121 2183 123 2188; x_wconf 87' lang='lat'><em>-</em></span> <span class='ocrx_word' id='word_1_183' title='bbox 207 2143 301 2202; x_wconf 82' lang='lat' dir='ltr'><strong>lebern</strong></span> <span class='ocrx_word' id='word_1_184' title='bbox 315 2150 412 2201; x_wconf 88' lang='lat' dir='ltr'><strong>metus</strong></span> <span class='ocrx_word' id='word_1_185' title='bbox 425 2142 558 2210; x_wconf 88' lang='lat' dir='ltr'><strong>incessit,</strong></span> <span class='ocrx_word' id='word_1_186' title='bbox 572 2150 606 2203; x_wconf 91' lang='lat' dir='ltr'><strong>ut</strong></span> <span class='ocrx_word' id='word_1_187' title='bbox 626 2140 800 2204; x_wconf 83' lang='lat' dir='ltr'><strong>intentiores</strong></span> <span class='ocrx_word' id='word_1_188' title='bbox 816 2149 917 2202; x_wconf 88' lang='lat' dir='ltr'><strong>essent</strong></span> <span class='ocrx_word' id='word_1_189' title='bbox 930 2144 966 2202; x_wconf 81' lang='lat' dir='ltr'><strong>ad</strong></span> <span class='ocrx_word' id='word_1_190' title='bbox 982 2141 1063 2202; x_wconf 89' lang='lat' dir='ltr'><strong>dicto</strong></span> <span class='ocrx_word' id='word_1_191' title='bbox 1077 2159 1174 2222; x_wconf 84' lang='lat' dir='ltr'><strong>paren·</strong></span> <span class='ocrx_word' id='word_1_192' title='bbox 1216 2195 1217 2204; x_wconf 70' lang='grc'>,</span> 
     </span>
     <span class='ocr_line' id='line_1_24' title="bbox 184 2163 1217 2304; baseline -0.004 -23"><span class='ocrx_word' id='word_1_193' title='bbox 184 2163 276 2281; x_wconf 74' lang='lat' dir='ltr'><strong>dum:</strong></span> <span class='ocrx_word' id='word_1_194' title='bbox 297 2242 394 2301; x_wconf 90' lang='lat' dir='ltr'><strong>neque</strong></span> <span class='ocrx_word' id='word_1_195' title='bbox 416 2223 505 2290; x_wconf 85' lang='lat' dir='ltr'><strong>enim,</strong></span> <span class='ocrx_word' id='word_1_196' title='bbox 525 2224 610 2282; x_wconf 91' lang='lat' dir='ltr'><strong>utin</strong></span> <span class='ocrx_word' id='word_1_197' title='bbox 632 2219 811 2292; x_wconf 73' lang='lat' dir='ltr'><strong>cons‘ulibus‘,</strong></span> <span class='ocrx_word' id='word_1_198' title='bbox 826 2223 877 2301; x_wconf 91' lang='lat' dir='ltr'><strong>qui</strong></span> <span class='ocrx_word' id='word_1_199' title='bbox 898 2223 962 2302; x_wconf 89' lang='lat' dir='ltr'><strong>pari</strong></span> <span class='ocrx_word' id='word_1_200' title='bbox 976 2229 1122 2304; x_wconf 84' lang='lat' dir='ltr'><strong>potestate</strong></span> <span class='ocrx_word' id='word_1_201' title='bbox 1134 2238 1174 2278; x_wconf 89' lang='lat' dir='ltr'><strong>es·</strong></span> <span class='ocrx_word' id='word_1_202' title='bbox 1216 2231 1217 2260; x_wconf 65' lang='lat'><em>³</em></span> 
     </span>
     <span class='ocr_line' id='line_1_25' title="bbox 185 2300 1173 2381; baseline -0.006 -19"><span class='ocrx_word' id='word_1_203' title='bbox 185 2312 261 2371; x_wconf 78' lang='lat' dir='ltr'><strong>sent,</strong></span> <span class='ocrx_word' id='word_1_204' title='bbox 276 2303 398 2362; x_wconf 86' lang='lat' dir='ltr'><strong>alterius</strong></span> <span class='ocrx_word' id='word_1_205' title='bbox 412 2302 562 2370; x_wconf 85' lang='lat' dir='ltr'><strong>auxilium,</strong></span> <span class='ocrx_word' id='word_1_206' title='bbox 576 2323 674 2380; x_wconf 87' lang='lat' dir='ltr'><strong>neque</strong></span> <span class='ocrx_word' id='word_1_207' title='bbox 689 2301 857 2381; x_wconf 89' lang='lat' dir='ltr'><strong>provocatio</strong></span> <span class='ocrx_word' id='word_1_208' title='bbox 871 2309 956 2371; x_wconf 84' lang='lat' dir='ltr'><strong>erat3</strong></span> <span class='ocrx_word' id='word_1_209' title='bbox 978 2321 1075 2378; x_wconf 91' lang='lat' dir='ltr'><strong>neque</strong></span> <span class='ocrx_word' id='word_1_210' title='bbox 1089 2300 1173 2358; x_wconf 86' lang='lat' dir='ltr'><strong>ullum</strong></span> 
     </span>
     <span class='ocr_line' id='line_1_26' title="bbox 184 2379 1171 2460; baseline -0.005 -20"><span class='ocrx_word' id='word_1_211' title='bbox 184 2401 321 2460; x_wconf 82' lang='lat' dir='ltr'><strong>usquam,</strong></span> <span class='ocrx_word' id='word_1_212' title='bbox 337 2383 393 2440; x_wconf 91' lang='lat' dir='ltr'><strong>nisi</strong></span> <span class='ocrx_word' id='word_1_213' title='bbox 406 2382 438 2439; x_wconf 93' lang='lat' dir='ltr'><strong>in</strong></span> <span class='ocrx_word' id='word_1_214' title='bbox 452 2382 671 2460; x_wconf 78' lang='lat' dir='ltr'><strong>comparendi,</strong></span> <span class='ocrx_word' id='word_1_215' title='bbox 685 2382 837 2440; x_wconf 85' lang='lat' dir='ltr'><strong>auxilium.</strong></span> <span class='ocrx_word' id='word_1_216' title='bbox 878 2379 995 2440; x_wconf 87' lang='lat' dir='ltr'><strong>Sabinis</strong></span> <span class='ocrx_word' id='word_1_217' title='bbox 1008 2381 1099 2439; x_wconf 86' lang='lat' dir='ltr'><strong>ctiam</strong></span> <span class='ocrx_word' id='word_1_218' title='bbox 1117 2397 1171 2436; x_wconf 91' lang='lat' dir='ltr'><strong>cre·</strong></span> 
     </span>
     <span class='ocr_line' id='line_1_27' title="bbox 184 2459 1172 2540; baseline -0.007 -19"><span class='ocrx_word' id='word_1_219' title='bbox 184 2469 252 2521; x_wconf 87' lang='lat' dir='ltr'><strong>atus</strong></span> <span class='ocrx_word' id='word_1_220' title='bbox 265 2465 369 2520; x_wconf 85' lang='lat' dir='ltr'><strong>Romae</strong></span> <span class='ocrx_word' id='word_1_221' title='bbox 384 2461 513 2519; x_wconf 87' lang='lat' dir='ltr'><strong>dictator</strong></span> <span class='ocrx_word' id='word_1_222' title='bbox 528 2459 574 2539; x_wconf 55' lang='lat' dir='ltr'><strong>(ef.¹</strong></span> <span class='ocrx_word' id='word_1_223' title='bbox 588 2459 682 2540; x_wconf 81' lang='lat' dir='ltr'><strong>magis</strong></span> <span class='ocrx_word' id='word_1_224' title='bbox 695 2461 775 2539; x_wconf 52' lang='lat' dir='ltr'><strong>quid</strong></span> <span class='ocrx_word' id='word_1_225' title='bbox 790 2466 909 2540; x_wconf 88' lang='lat' dir='ltr'><strong>propter</strong></span> <span class='ocrx_word' id='word_1_226' title='bbox 923 2480 955 2520; x_wconf 87' lang='lat' dir='ltr'><strong>se</strong></span> <span class='ocrx_word' id='word_1_227' title='bbox 970 2469 1104 2520; x_wconf 83' lang='lat' dir='ltr'><strong>creatum</strong></span> <span class='ocrx_word' id='word_1_228' title='bbox 1118 2475 1172 2516; x_wconf 89' lang='lat' dir='ltr'><strong>cre-</strong></span> 
     </span>
     <span class='ocr_line' id='line_1_28' title="bbox 184 2537 1172 2621; baseline -0.005 -22"><span class='ocrx_word' id='word_1_229' title='bbox 184 2541 333 2620; x_wconf 81' lang='lat' dir='ltr'><strong>diderant)</strong></span> <span class='ocrx_word' id='word_1_230' title='bbox 356 2549 467 2598; x_wconf 85' lang='lat' dir='ltr'><strong>metum</strong></span> <span class='ocrx_word' id='word_1_231' title='bbox 487 2539 634 2609; x_wconf 88' lang='lat' dir='ltr'><strong>incussit;</strong></span> <span class='ocrx_word' id='word_1_232' title='bbox 654 2541 756 2619; x_wconf 87' lang='lat' dir='ltr'><strong>itaque</strong></span> <span class='ocrx_word' id='word_1_233' title='bbox 770 2539 881 2621; x_wconf 85' lang='lat' dir='ltr'><strong>legatos</strong></span> <span class='ocrx_word' id='word_1_234' title='bbox 891 2539 933 2600; x_wconf 88' lang='lat' dir='ltr'><strong>de</strong></span> <span class='ocrx_word' id='word_1_235' title='bbox 946 2561 1020 2620; x_wconf 88' lang='lat' dir='ltr'><strong>pace</strong></span> <span class='ocrx_word' id='word_1_236' title='bbox 1041 2537 1172 2602; x_wconf 86' lang='lat' dir='ltr'><strong>mittuut;</strong></span> 
     </span>
     <span class='ocr_line' id='line_1_29' title="bbox 184 2613 1173 2700; baseline -0.008 -22"><span class='ocrx_word' id='word_1_237' title='bbox 184 2621 299 2700; x_wconf 88' lang='lat' dir='ltr'><strong>quibus,</strong></span> <span class='ocrx_word' id='word_1_238' title='bbox 313 2619 464 2678; x_wconf 86' lang='lat' dir='ltr'><strong>orantibus</strong></span> <span class='ocrx_word' id='word_1_239' title='bbox 479 2619 654 2679; x_wconf 83' lang='lat' dir='ltr'><strong>dictatorem</strong></span> <span class='ocrx_word' id='word_1_240' title='bbox 669 2617 874 2698; x_wconf 73' lang='lat' dir='ltr'><strong>denutumque,</strong></span> <span class='ocrx_word' id='word_1_241' title='bbox 888 2625 922 2678; x_wconf 91' lang='lat' dir='ltr'><strong>ut</strong></span> <span class='ocrx_word' id='word_1_242' title='bbox 945 2618 1062 2679; x_wconf 88' lang='lat' dir='ltr'><strong>veniam</strong></span> <span class='ocrx_word' id='word_1_243' title='bbox 1077 2613 1173 2676; x_wconf 84' lang='lat' dir='ltr'><strong>erroris</strong></span> 
     </span>
     <span class='ocr_line' id='line_1_30' title="bbox 183 2691 1172 2779; baseline -0.007 -20"><span class='ocrx_word' id='word_1_244' title='bbox 183 2700 349 2760; x_wconf 88' lang='lat' dir='ltr'><strong>hominibus</strong></span> <span class='ocrx_word' id='word_1_245' title='bbox 364 2698 603 2759; x_wconf 87' lang='lat' dir='ltr'><strong>adolescentibus</strong></span> <span class='ocrx_word' id='word_1_246' title='bbox 617 2700 733 2768; x_wconf 81' lang='lat' dir='ltr'><strong>darent,</strong></span> <span class='ocrx_word' id='word_1_247' title='bbox 745 2691 917 2779; x_wconf 80' lang='lat' dir='ltr'><strong>responsum</strong></span> <span class='ocrx_word' id='word_1_248' title='bbox 930 2719 939 2766; x_wconf 78' lang='lat'>3</span> <span class='ocrx_word' id='word_1_249' title='bbox 960 2697 1097 2778; x_wconf 85' lang='lat' dir='ltr'><strong>“ignosci</strong></span> <span class='ocrx_word' id='word_1_250' title='bbox 1111 2693 1172 2754; x_wconf 93' lang='lat' dir='ltr'><strong>ado·</strong></span> 
     </span>
     <span class='ocr_line' id='line_1_31' title="bbox 181 2776 1171 2861; baseline -0.007 -23"><span class='ocrx_word' id='word_1_251' title='bbox 181 2779 365 2839; x_wconf 76' lang='lat' dir='ltr'><strong>lescentibus</strong></span> <span class='ocrx_word' id='word_1_252' title='bbox 379 2797 475 2858; x_wconf 90' lang='lat' dir='ltr'><strong>posse,</strong></span> <span class='ocrx_word' id='word_1_253' title='bbox 489 2779 609 2838; x_wconf 87' lang='lat' dir='ltr'><strong>senibus</strong></span> <span class='ocrx_word' id='word_1_254' title='bbox 623 2799 683 2838; x_wconf 90' lang='lat' dir='ltr'><strong>non</strong></span> <span class='ocrx_word' id='word_1_255' title='bbox 698 2799 792 2860; x_wconf 86' lang='lat' dir='ltr'><strong>posse,</strong></span> <span class='ocrx_word' id='word_1_256' title='bbox 806 2779 858 2856; x_wconf 90' lang='lat' dir='ltr'><strong>qui</strong></span> <span class='ocrx_word' id='word_1_257' title='bbox 885 2778 963 2837; x_wconf 87' lang='lat' dir='ltr'><strong>bella</strong></span> <span class='ocrx_word' id='word_1_258' title='bbox 977 2797 1011 2836; x_wconf 83' lang='lat' dir='ltr'><strong>en</strong></span> <span class='ocrx_word' id='word_1_259' title='bbox 1035 2776 1121 2836; x_wconf 90' lang='lat' dir='ltr'><strong>bellis</strong></span> <span class='ocrx_word' id='word_1_260' title='bbox 1133 2791 1171 2861; x_wconf 74' lang='lat' dir='ltr'><strong>se·</strong></span> 
     </span>
     <span class='ocr_line' id='line_1_32' title="bbox 183 2857 1172 2941; baseline -0.003 -21"><span class='ocrx_word' id='word_1_261' title='bbox 183 2868 285 2920; x_wconf 75' lang='lat' dir='ltr'><strong>renent</strong></span> <span class='ocrx_word' id='word_1_262' title='bbox 293 2862 324 2929; x_wconf 89' lang='lat'><strong>;”</strong></span> <span class='ocrx_word' id='word_1_263' title='bbox 346 2865 446 2918; x_wconf 89' lang='lat' dir='ltr'><strong>actum</strong></span> <span class='ocrx_word' id='word_1_264' title='bbox 466 2867 567 2918; x_wconf 85' lang='lat' dir='ltr'><strong>tamen</strong></span> <span class='ocrx_word' id='word_1_265' title='bbox 581 2865 628 2918; x_wconf 89' lang='lat' dir='ltr'><strong>est</strong></span> <span class='ocrx_word' id='word_1_266' title='bbox 640 2859 679 2918; x_wconf 92' lang='lat' dir='ltr'><strong>de</strong></span> <span class='ocrx_word' id='word_1_267' title='bbox 703 2878 797 2938; x_wconf 81' lang='lat' dir='ltr'><strong>pace3</strong></span> <span class='ocrx_word' id='word_1_268' title='bbox 818 2857 1034 2938; x_wconf 85' lang='lat' dir='ltr'><strong>impetrataque</strong></span> <span class='ocrx_word' id='word_1_269' title='bbox 1048 2857 1132 2922; x_wconf 85' lang='lat' dir='ltr'><strong>foret,</strong></span> <span class='ocrx_word' id='word_1_270' title='bbox 1144 2871 1172 2941; x_wconf 61' lang='lat'><strong>912</strong></span> 
     </span>
     <span class='ocr_line' id='line_1_33' title="bbox 183 2927 1172 3020; baseline -0.005 -23"><span class='ocrx_word' id='word_1_271' title='bbox 183 2941 264 3019; x_wconf 88' lang='lat' dir='ltr'><strong>quod</strong></span> <span class='ocrx_word' id='word_1_272' title='bbox 284 2939 427 3020; x_wconf 75' lang='lat' dir='ltr'><strong>impensae</strong></span> <span class='ocrx_word' id='word_1_273' title='bbox 456 2937 568 2998; x_wconf 83' lang='lat' dir='ltr'><strong>factum</strong></span> <span class='ocrx_word' id='word_1_274' title='bbox 589 2938 621 2996; x_wconf 91' lang='lat' dir='ltr'><strong>in</strong></span> <span class='ocrx_word' id='word_1_275' title='bbox 634 2938 752 2998; x_wconf 88' lang='lat' dir='ltr'><strong>bellum</strong></span> <span class='ocrx_word' id='word_1_276' title='bbox 774 2944 848 3006; x_wconf 86' lang='lat' dir='ltr'><strong>erat,</strong></span> <span class='ocrx_word' id='word_1_277' title='bbox 863 2947 1002 3017; x_wconf 71' lang='lat' dir='ltr'><strong>prestare</strong></span> <span class='ocrx_word' id='word_1_278' title='bbox 1017 2933 1116 2996; x_wconf 83' lang='lat' dir='ltr'><strong>Sabini</strong></span> <span class='ocrx_word' id='word_1_279' title='bbox 1136 2927 1172 3009; x_wconf 83' lang='lat' dir='ltr'><strong>(ul</strong></span> 
     </span>
     <span class='ocr_line' id='line_1_34' title="bbox 184 3010 1171 3099; baseline -0.009 -21"><span class='ocrx_word' id='word_1_280' title='bbox 184 3023 262 3078; x_wconf 84' lang='lat' dir='ltr'><strong>enim</strong></span> <span class='ocrx_word' id='word_1_281' title='bbox 276 3019 458 3099; x_wconf 76' lang='lat' dir='ltr'><strong>postulatum</strong></span> <span class='ocrx_word' id='word_1_282' title='bbox 472 3019 547 3085; x_wconf 84' lang='lat' dir='ltr'><strong>erotl</strong></span> <span class='ocrx_word' id='word_1_283' title='bbox 569 3017 601 3078; x_wconf 90' lang='lat' dir='ltr'><strong>in</strong></span> <span class='ocrx_word' id='word_1_284' title='bbox 615 3019 744 3078; x_wconf 83' lang='lat' dir='ltr'><strong>animum</strong></span> <span class='ocrx_word' id='word_1_285' title='bbox 758 3017 956 3076; x_wconf 83' lang='lat' dir='ltr'><strong>induxissent.</strong></span> <span class='ocrx_word' id='word_1_286' title='bbox 998 3016 1115 3075; x_wconf 88' lang='lat' dir='ltr'><strong>Bellum</strong></span> <span class='ocrx_word' id='word_1_287' title='bbox 1134 3010 1171 3068; x_wconf 89' lang='lat' dir='ltr'><strong>iu·</strong></span> 
     </span>
     <span class='ocr_line' id='line_1_35' title="bbox 184 3097 997 3176; baseline -0.004 -21"><span class='ocrx_word' id='word_1_288' title='bbox 184 3100 317 3169; x_wconf 82' lang='lat' dir='ltr'><strong>·lictum;</strong></span> <span class='ocrx_word' id='word_1_289' title='bbox 338 3097 439 3156; x_wconf 68' lang='lat' dir='ltr'><strong>tacite</strong></span> <span class='ocrx_word' id='word_1_290' title='bbox 451 3097 580 3156; x_wconf 83' lang='lat' dir='ltr'><strong>induciae</strong></span> <span class='ocrx_word' id='word_1_291' title='bbox 594 3100 728 3176; x_wconf 86' lang='lat' dir='ltr'><strong>quietum</strong></span> <span class='ocrx_word' id='word_1_292' title='bbox 743 3117 852 3157; x_wconf 92' lang='lat' dir='ltr'><strong>annum</strong></span> <span class='ocrx_word' id='word_1_293' title='bbox 866 3105 997 3156; x_wconf 89' lang='lat' dir='ltr'><strong>tenuere.</strong></span> 
     </span>
    </p>

    <p class='ocr_par' dir='ltr' id='par_1_3' title="bbox 182 3170 1214 3816">
     <span class='ocr_line' id='line_1_36' title="bbox 224 3170 1171 3258; baseline -0.01 -22"><span class='ocrx_word' id='word_1_294' title='bbox 224 3179 307 3237; x_wconf 84' lang='lat' dir='ltr'><strong>XIX.</strong></span> <span class='ocrx_word' id='word_1_295' title='bbox 348 3177 496 3238; x_wconf 84' lang='lat' dir='ltr'><strong>Consules</strong></span> <span class='ocrx_word' id='word_1_296' title='bbox 511 3177 574 3236; x_wconf 88' lang='lat' dir='ltr'><strong>Ser.</strong></span> <span class='ocrx_word' id='word_1_297' title='bbox 586 3179 745 3258; x_wconf 85' lang='lat' dir='ltr'><strong>Sulpicius,</strong></span> <span class='ocrx_word' id='word_1_298' title='bbox 757 3178 802 3235; x_wconf 91' lang='lat' dir='ltr'><strong>M.</strong></span> <span class='ocrx_word' id='word_1_299' title='bbox 813 3174 932 3233; x_wconf 91' lang='lat' dir='ltr'><strong>Tullius</strong></span> <span class='ocrx_word' id='word_1_300' title='bbox 945 3193 954 3242; x_wconf 90' lang='lat'>;</span> <span class='ocrx_word' id='word_1_301' title='bbox 974 3170 1046 3231; x_wconf 88' lang='lat' dir='ltr'><strong>nihil</strong></span> <span class='ocrx_word' id='word_1_302' title='bbox 1058 3171 1171 3258; x_wconf 76' lang='lat' dir='ltr'><strong>dignum</strong></span> 
     </span>
     <span class='ocr_line' id='line_1_37' title="bbox 182 3249 1171 3319; baseline -0.009 -2"><span class='ocrx_word' id='word_1_303' title='bbox 182 3257 324 3319; x_wconf 72' lang='lat' dir='ltr'><strong>memorii</strong></span> <span class='ocrx_word' id='word_1_304' title='bbox 346 3266 454 3316; x_wconf 87' lang='lat' dir='ltr'><strong>actum.</strong></span> <span class='ocrx_word' id='word_1_305' title='bbox 495 3256 534 3314; x_wconf 89' lang='lat' dir='ltr'><strong>T.</strong></span> <span class='ocrx_word' id='word_1_306' title='bbox 548 3258 691 3316; x_wconf 83' lang='lat' dir='ltr'><strong>AEbutius</strong></span> <span class='ocrx_word' id='word_1_307' title='bbox 706 3255 813 3315; x_wconf 89' lang='lat' dir='ltr'><strong>deinde</strong></span> <span class='ocrx_word' id='word_1_308' title='bbox 828 3259 859 3313; x_wconf 86' lang='lat' dir='ltr'><strong>et</strong></span> <span class='ocrx_word' id='word_1_309' title='bbox 880 3255 916 3312; x_wconf 91' lang='lat' dir='ltr'><strong>C.</strong></span> <span class='ocrx_word' id='word_1_310' title='bbox 930 3253 1082 3311; x_wconf 85' lang='lat' dir='ltr'><strong>Vetusius.</strong></span> <span class='ocrx_word' id='word_1_311' title='bbox 1122 3249 1171 3308; x_wconf 79' lang='lat' dir='ltr'><strong>Hs</strong></span> 
     </span>
     <span class='ocr_line' id='line_1_38' title="bbox 184 3326 1170 3412; baseline -0.011 -15"><span class='ocrx_word' id='word_1_312' title='bbox 184 3337 354 3398; x_wconf 88' lang='lat' dir='ltr'><strong>consulibus</strong></span> <span class='ocrx_word' id='word_1_313' title='bbox 367 3337 489 3396; x_wconf 81' lang='lat' dir='ltr'><strong>Fidenae</strong></span> <span class='ocrx_word' id='word_1_314' title='bbox 498 3337 636 3404; x_wconf 75' lang='lat' dir='ltr'><strong>obsesses,</strong></span> <span class='ocrx_word' id='word_1_315' title='bbox 650 3333 853 3394; x_wconf 82' lang='lat' dir='ltr'><strong>Crustumeria</strong></span> <span class='ocrx_word' id='word_1_316' title='bbox 868 3340 963 3412; x_wconf 87' lang='lat' dir='ltr'><strong>capta,</strong></span> <span class='ocrx_word' id='word_1_317' title='bbox 977 3333 1129 3392; x_wconf 82' lang='lat' dir='ltr'><strong>Praeneste</strong></span> <span class='ocrx_word' id='word_1_318' title='bbox 1140 3326 1170 3386; x_wconf 86' lang='lat' dir='ltr'><strong>ab</strong></span> 
     </span>
     <span class='ocr_line' id='line_1_39' title="bbox 183 3409 1170 3481; baseline -0.01 -2"><span class='ocrx_word' id='word_1_319' title='bbox 183 3418 301 3479; x_wconf 88' lang='lat' dir='ltr'><strong>Latinis</strong></span> <span class='ocrx_word' id='word_1_320' title='bbox 322 3417 360 3476; x_wconf 92' lang='lat' dir='ltr'><strong>ad</strong></span> <span class='ocrx_word' id='word_1_321' title='bbox 381 3418 530 3474; x_wconf 87' lang='lat' dir='ltr'><strong>Romanos</strong></span> <span class='ocrx_word' id='word_1_322' title='bbox 551 3414 698 3481; x_wconf 81' lang='lat' dir='ltr'><strong>descivit3</strong></span> <span class='ocrx_word' id='word_1_323' title='bbox 728 3433 782 3472; x_wconf 89' lang='lat' dir='ltr'><strong>nec</strong></span> <span class='ocrx_word' id='word_1_324' title='bbox 799 3411 876 3471; x_wconf 70' lang='lat' dir='ltr'><strong>ultrt</strong></span> <span class='ocrx_word' id='word_1_325' title='bbox 896 3412 1005 3471; x_wconf 91' lang='lat' dir='ltr'><strong>bellum</strong></span> <span class='ocrx_word' id='word_1_326' title='bbox 1032 3409 1170 3470; x_wconf 74' lang='lat' dir='ltr'><strong>Latinum,</strong></span> 
     </span>
     <span class='ocr_line' id='line_1_40' title="bbox 183 3485 1214 3582; baseline -0.017 -24"><span class='ocrx_word' id='word_1_327' title='bbox 183 3497 385 3582; x_wconf 78' lang='lat' dir='ltr'><strong>gliscensjam</strong></span> <span class='ocrx_word' id='word_1_328' title='bbox 396 3515 447 3572; x_wconf 85' lang='lat' dir='ltr'><strong>per</strong></span> <span class='ocrx_word' id='word_1_329' title='bbox 459 3492 573 3572; x_wconf 89' lang='lat' dir='ltr'><strong>aliquot</strong></span> <span class='ocrx_word' id='word_1_330' title='bbox 583 3513 686 3560; x_wconf 88' lang='lat' dir='ltr'><strong>annos,</strong></span> <span class='ocrx_word' id='word_1_331' title='bbox 697 3491 830 3552; x_wconf 87' lang='lat' dir='ltr'><strong>dilatum.</strong></span> <span class='ocrx_word' id='word_1_332' title='bbox 871 3493 908 3550; x_wconf 82' lang='lat' dir='ltr'><strong>A.</strong></span> <span class='ocrx_word' id='word_1_333' title='bbox 927 3491 1095 3550; x_wconf 86' lang='lat' dir='ltr'><strong>Postumius</strong></span> <span class='ocrx_word' id='word_1_334' title='bbox 1115 3485 1170 3544; x_wconf 91' lang='lat' dir='ltr'><strong>dic·</strong></span> <span class='ocrx_word' id='word_1_335' title='bbox 1213 3559 1214 3566; x_wconf 8' lang='grc' dir='ltr'>ἵ</span> 
     </span>
     <span class='ocr_line' id='line_1_41' title="bbox 182 3566 1214 3654; baseline -0.014 -14"><span class='ocrx_word' id='word_1_336' title='bbox 182 3588 271 3646; x_wconf 84' lang='lat' dir='ltr'><strong>tutor,</strong></span> <span class='ocrx_word' id='word_1_337' title='bbox 285 3576 323 3634; x_wconf 89' lang='lat' dir='ltr'><strong>T.</strong></span> <span class='ocrx_word' id='word_1_338' title='bbox 338 3573 475 3633; x_wconf 81' lang='lat' dir='ltr'><strong>AEbutios</strong></span> <span class='ocrx_word' id='word_1_339' title='bbox 490 3571 629 3654; x_wconf 86' lang='lat' dir='ltr'><strong>magister</strong></span> <span class='ocrx_word' id='word_1_340' title='bbox 641 3570 785 3651; x_wconf 82' lang='lat' dir='ltr'><strong>equitum,</strong></span> <span class='ocrx_word' id='word_1_341' title='bbox 799 3570 912 3651; x_wconf 82' lang='lat' dir='ltr'><strong>magnis</strong></span> <span class='ocrx_word' id='word_1_342' title='bbox 936 3569 1029 3650; x_wconf 88' lang='lat' dir='ltr'><strong>copiis</strong></span> <span class='ocrx_word' id='word_1_343' title='bbox 1050 3566 1172 3654; x_wconf 75' lang='lat' dir='ltr'><strong>peditum</strong></span> <span class='ocrx_word' id='word_1_344' title='bbox 1213 3569 1214 3626; x_wconf 66' lang='lat' dir='ltr'><strong>l</strong></span> 
     </span>
     <span class='ocr_line' id='line_1_42' title="bbox 184 3643 1214 3736; baseline -0.017 -19"><span class='ocrx_word' id='word_1_345' title='bbox 184 3657 379 3736; x_wconf 90' lang='lat' dir='ltr'><strong>equitumque</strong></span> <span class='ocrx_word' id='word_1_346' title='bbox 393 3653 528 3732; x_wconf 86' lang='lat' dir='ltr'><strong>profecti,</strong></span> <span class='ocrx_word' id='word_1_347' title='bbox 542 3654 579 3712; x_wconf 84' lang='lat' dir='ltr'><strong>od</strong></span> <span class='ocrx_word' id='word_1_348' title='bbox 594 3653 692 3712; x_wconf 88' lang='lat' dir='ltr'><strong>lacum</strong></span> <span class='ocrx_word' id='word_1_349' title='bbox 708 3651 856 3732; x_wconf 81' lang='lat' dir='ltr'><strong>Regillum</strong></span> <span class='ocrx_word' id='word_1_350' title='bbox 872 3650 902 3710; x_wconf 82' lang='lat' dir='ltr'><strong>in</strong></span> <span class='ocrx_word' id='word_1_351' title='bbox 918 3671 988 3730; x_wconf 80' lang='lat' dir='ltr'><strong>agro</strong></span> <span class='ocrx_word' id='word_1_352' title='bbox 1008 3647 1172 3736; x_wconf 75' lang='lat' dir='ltr'><strong>Tusculano</strong></span> <span class='ocrx_word' id='word_1_353' title='bbox 1213 3643 1214 3696; x_wconf 90' lang='lat' dir='ltr'><strong>l</strong></span> 
     </span>
     <span class='ocr_line' id='line_1_43' title="bbox 182 3729 1171 3816; baseline -0.014 -22"><span class='ocrx_word' id='word_1_354' title='bbox 182 3736 292 3816; x_wconf 79' lang='lat' dir='ltr'><strong>agmini</strong></span> <span class='ocrx_word' id='word_1_355' title='bbox 304 3732 430 3793; x_wconf 87' lang='lat' dir='ltr'><strong>bostium</strong></span> <span class='ocrx_word' id='word_1_356' title='bbox 440 3739 655 3800; x_wconf 85' lang='lat' dir='ltr'><strong>occurrerunt;</strong></span> <span class='ocrx_word' id='word_1_357' title='bbox 676 3739 714 3800; x_wconf 90' lang='lat' dir='ltr'><strong>et,</strong></span> <span class='ocrx_word' id='word_1_358' title='bbox 728 3731 797 3810; x_wconf 84' lang='lat' dir='ltr'><strong>qnia</strong></span> <span class='ocrx_word' id='word_1_359' title='bbox 811 3729 991 3808; x_wconf 85' lang='lat' dir='ltr'><strong>Tarquinios</strong></span> <span class='ocrx_word' id='word_1_360' title='bbox 1005 3745 1068 3788; x_wconf 87' lang='lat' dir='ltr'><strong>esse</strong></span> <span class='ocrx_word' id='word_1_361' title='bbox 1082 3745 1110 3784; x_wconf 91' lang='lat' dir='ltr'><strong>m</strong></span> <span class='ocrx_word' id='word_1_362' title='bbox 1126 3738 1171 3780; x_wconf 79' lang='lat' dir='ltr'><strong>ex·</strong></span> 
     </span>
    </p>
   </div>
   <div class='ocr_carea' id='block_1_3' title="bbox 184 3798 1172 3902">
    <p class='ocr_par' dir='ltr' id='par_1_4' title="bbox 184 3798 1172 3902">
     <span class='ocr_line' id='line_1_44' title="bbox 184 3798 1172 3902; baseline -0.008 -29"><span class='ocrx_word' id='word_1_363' title='bbox 184 3815 280 3877; x_wconf 81' lang='lat' dir='ltr'><strong>ercitu</strong></span> <span class='ocrx_word' id='word_1_364' title='bbox 293 3812 468 3902; x_wconf 67' lang='lat' dir='ltr'><strong>heduorum</strong></span> <span class='ocrx_word' id='word_1_365' title='bbox 479 3810 617 3874; x_wconf 71' lang='lat' dir='ltr'><strong>auditum</strong></span> <span class='ocrx_word' id='word_1_366' title='bbox 629 3823 686 3884; x_wconf 73' lang='lat' dir='ltr'><strong>est,</strong></span> <span class='ocrx_word' id='word_1_367' title='bbox 701 3809 841 3874; x_wconf 86' lang='lat' dir='ltr'><strong>sustiueri</strong></span> <span class='ocrx_word' id='word_1_368' title='bbox 854 3810 898 3878; x_wconf 85' lang='lat' dir='ltr'><strong>ira</strong></span> <span class='ocrx_word' id='word_1_369' title='bbox 911 3830 971 3874; x_wconf 90' lang='lat' dir='ltr'><strong>uon</strong></span> <span class='ocrx_word' id='word_1_370' title='bbox 983 3805 1087 3890; x_wconf 89' lang='lat' dir='ltr'><strong>potuit,</strong></span> <span class='ocrx_word' id='word_1_371' title='bbox 1106 3798 1172 3882; x_wconf 87' lang='lat' dir='ltr'><strong>quin</strong></span> 
     </span>
    </p>
   </div>
   <div class='ocr_carea' id='block_1_4' title="bbox 0 0 1322 4392">
    <p class='ocr_par' dir='ltr' id='par_1_5' title="bbox 0 0 1322 4392">
     <span class='ocr_line' id='line_1_45' title="bbox 0 0 1322 4392; baseline 0 2"><span class='ocrx_word' id='word_1_372' title='bbox 0 0 1322 4392; x_wconf 95' lang='lat' dir='ltr'><strong> </strong></span> 
     </span>
    </p>
   </div>
  </div>
 </body>
</html>
