<?xml version="1.0" encoding="UTF-8"?>
<!DOCTYPE html PUBLIC "-//W3C//DTD XHTML 1.0 Transitional//EN"
    "http://www.w3.org/TR/xhtml1/DTD/xhtml1-transitional.dtd">
<html xmlns="http://www.w3.org/1999/xhtml" xml:lang="en" lang="en">
 <head>
  <title>
</title>
<meta http-equiv="Content-Type" content="text/html;charset=utf-8" />
  <meta name='ocr-system' content='tesseract 3.04.00' />
  <meta name='ocr-capabilities' content='ocr_page ocr_carea ocr_par ocr_line ocrx_word'/>
</head>
<body>
  <div class='ocr_page' id='page_1' title='image "./titiliviipatavi02livygoog_0013.png"; bbox 0 0 2634 4392; ppageno 0'>
   <div class='ocr_carea' id='block_1_1' title="bbox 560 315 1139 386">
    <p class='ocr_par' dir='ltr' id='par_1_1' title="bbox 560 315 1139 386">
     <span class='ocr_line' id='line_1_1' title="bbox 560 315 1139 386; baseline -0.012 -1"><span class='ocrx_word' id='word_1_1' title='bbox 560 320 692 386; x_wconf 78' lang='lat' dir='ltr'>LIBER</span> <span class='ocrx_word' id='word_1_2' title='bbox 704 320 730 382; x_wconf 90' lang='grc' dir='ltr'><strong>Ι.</strong></span> <span class='ocrx_word' id='word_1_3' title='bbox 1100 315 1139 378; x_wconf 64' lang='lat'><strong>25</strong></span> 
     </span>
    </p>
   </div>
   <div class='ocr_carea' id='block_1_2' title="bbox 100 478 1218 3601">
    <p class='ocr_par' dir='ltr' id='par_1_2' title="bbox 100 478 1218 2402">
     <span class='ocr_line' id='line_1_2' title="bbox 152 478 1143 560; baseline -0.014 -10"><span class='ocrx_word' id='word_1_4' title='bbox 152 489 210 550; x_wconf 78' lang='lat' dir='ltr'><strong>dem</strong></span> <span class='ocrx_word' id='word_1_5' title='bbox 230 488 316 550; x_wconf 91' lang='lat' dir='ltr'><strong>modo</strong></span> <span class='ocrx_word' id='word_1_6' title='bbox 337 485 443 554; x_wconf 87' lang='lat' dir='ltr'><strong>onmia,</strong></span> <span class='ocrx_word' id='word_1_7' title='bbox 462 483 548 546; x_wconf 83' lang='lat' dir='ltr'><strong>iiunt.</strong></span> <span class='ocrx_word' id='word_1_8' title='bbox 588 483 671 543; x_wconf 87' lang='lat' dir='ltr'><strong>Tum</strong></span> <span class='ocrx_word' id='word_1_9' title='bbox 683 481 736 542; x_wconf 59' lang='lat' dir='ltr'><strong>,ita</strong></span> <span class='ocrx_word' id='word_1_10' title='bbox 755 480 868 542; x_wconf 86' lang='lat' dir='ltr'><strong>facturn</strong></span> <span class='ocrx_word' id='word_1_11' title='bbox 888 478 1066 560; x_wconf 85' lang='lat' dir='ltr'><strong>accepimus,</strong></span> <span class='ocrx_word' id='word_1_12' title='bbox 1086 495 1143 538; x_wconf 88' lang='lat' dir='ltr'><strong>uec</strong></span> 
     </span>
     <span class='ocr_line' id='line_1_3' title="bbox 149 557 1218 641; baseline -0.013 -12"><span class='ocrx_word' id='word_1_13' title='bbox 149 571 231 630; x_wconf 84' lang='lat' dir='ltr'><strong>ultius</strong></span> <span class='ocrx_word' id='word_1_14' title='bbox 244 567 389 631; x_wconf 83' lang='lat' dir='ltr'><strong>vetustior</strong></span> <span class='ocrx_word' id='word_1_15' title='bbox 409 564 529 626; x_wconf 72' lang='lat' dir='ltr'><strong>foederis</strong></span> <span class='ocrx_word' id='word_1_16' title='bbox 549 563 691 626; x_wconf 86' lang='lat' dir='ltr'><strong>memoria</strong></span> <span class='ocrx_word' id='word_1_17' title='bbox 710 569 766 622; x_wconf 88' lang='lat' dir='ltr'><strong>est.</strong></span> <span class='ocrx_word' id='word_1_18' title='bbox 806 560 932 621; x_wconf 83' lang='lat' dir='ltr'><strong>Fecialis</strong></span> <span class='ocrx_word' id='word_1_19' title='bbox 952 580 1052 641; x_wconf 83' lang='lat' dir='ltr'><strong>regem</strong></span> <span class='ocrx_word' id='word_1_20' title='bbox 1066 557 1143 617; x_wconf 79' lang='lat' dir='ltr'><strong>Tul·</strong></span> <span class='ocrx_word' id='word_1_21' title='bbox 1217 560 1218 571; x_wconf 58' lang='lat'>³</span> 
     </span>
     <span class='ocr_line' id='line_1_4' title="bbox 149 643 1143 741; baseline -0.01 -33"><span class='ocrx_word' id='word_1_22' title='bbox 149 649 256 712; x_wconf 85' lang='lat' dir='ltr'><strong>iurnita</strong></span> <span class='ocrx_word' id='word_1_23' title='bbox 277 647 409 741; x_wconf 78' lang='lat' dir='ltr'><strong>rogavit:</strong></span> <span class='ocrx_word' id='word_1_24' title='bbox 440 646 596 706; x_wconf 78' lang='lat' dir='ltr'><strong>“iubesne</strong></span> <span class='ocrx_word' id='word_1_25' title='bbox 609 663 667 713; x_wconf 89' lang='lat' dir='ltr'><strong>me,</strong></span> <span class='ocrx_word' id='word_1_26' title='bbox 681 643 757 712; x_wconf 85' lang='lat' dir='ltr'><strong>Rex,</strong></span> <span class='ocrx_word' id='word_1_27' title='bbox 770 657 839 701; x_wconf 92' lang='lat' dir='ltr'><strong>cum</strong></span> <span class='ocrx_word' id='word_1_28' title='bbox 860 646 942 722; x_wconf 84' lang='lat' dir='ltr'><strong>patre</strong></span> <span class='ocrx_word' id='word_1_29' title='bbox 961 647 1077 721; x_wconf 79' lang='lat' dir='ltr'><strong>patrato</strong></span> <span class='ocrx_word' id='word_1_30' title='bbox 1090 658 1143 730; x_wconf 84' lang='lat' dir='ltr'><strong>po-</strong></span> 
     </span>
     <span class='ocr_line' id='line_1_5' title="bbox 148 719 1144 810; baseline -0.01 -22"><span class='ocrx_word' id='word_1_31' title='bbox 148 730 204 810; x_wconf 88' lang='lat' dir='ltr'><strong>puii</strong></span> <span class='ocrx_word' id='word_1_32' title='bbox 218 730 329 790; x_wconf 80' lang='lat' dir='ltr'><strong>Albam</strong></span> <span class='ocrx_word' id='word_1_33' title='bbox 343 726 443 787; x_wconf 81' lang='lat' dir='ltr'><strong>fredus</strong></span> <span class='ocrx_word' id='word_1_34' title='bbox 455 724 590 789; x_wconf 66' lang='lat' dir='ltr'><strong>feriret„</strong></span> <span class='ocrx_word' id='word_1_35' title='bbox 620 726 745 804; x_wconf 82' lang='lat' dir='ltr'><strong>jubente</strong></span> <span class='ocrx_word' id='word_1_36' title='bbox 767 742 846 803; x_wconf 82' lang='lat' dir='ltr'><strong>rege,</strong></span> <span class='ocrx_word' id='word_1_37' title='bbox 876 719 1076 800; x_wconf 67' lang='lat' dir='ltr'><strong>“Segisama”</strong></span> <span class='ocrx_word' id='word_1_38' title='bbox 1097 739 1144 778; x_wconf 89' lang='lat' dir='ltr'><strong>m·</strong></span> 
     </span>
     <span class='ocr_line' id='line_1_6' title="bbox 100 798 1145 888; baseline -0.01 -19"><span class='ocrx_word' id='word_1_39' title='bbox 100 815 101 820; x_wconf 75' lang='grc'>’</span> <span class='ocrx_word' id='word_1_40' title='bbox 149 809 217 888; x_wconf 86' lang='lat' dir='ltr'><strong>quit,</strong></span> <span class='ocrx_word' id='word_1_41' title='bbox 235 816 302 878; x_wconf 84' lang='lat' dir='ltr'><strong>“te,</strong></span> <span class='ocrx_word' id='word_1_42' title='bbox 317 810 392 876; x_wconf 82' lang='lat' dir='ltr'><strong>Rex,</strong></span> <span class='ocrx_word' id='word_1_43' title='bbox 405 806 526 887; x_wconf 78' lang='lat' dir='ltr'><strong>posco-’⁹</strong></span> <span class='ocrx_word' id='word_1_44' title='bbox 566 806 633 866; x_wconf 84' lang='lat' dir='ltr'><strong>Rex</strong></span> <span class='ocrx_word' id='word_1_45' title='bbox 647 803 700 872; x_wconf 84' lang='lat' dir='ltr'><strong>ait,</strong></span> <span class='ocrx_word' id='word_1_46' title='bbox 713 803 849 862; x_wconf 81' lang='lat' dir='ltr'><strong>“Puram</strong></span> <span class='ocrx_word' id='word_1_47' title='bbox 869 801 998 862; x_wconf 88' lang='lat' dir='ltr'><strong>tollito.”</strong></span> <span class='ocrx_word' id='word_1_48' title='bbox 1039 798 1145 860; x_wconf 81' lang='lat' dir='ltr'><strong>Fecia·</strong></span> 
     </span>
     <span class='ocr_line' id='line_1_7' title="bbox 149 881 1145 969; baseline -0.009 -22"><span class='ocrx_word' id='word_1_49' title='bbox 149 889 185 947; x_wconf 90' lang='lat' dir='ltr'><strong>lis</strong></span> <span class='ocrx_word' id='word_1_50' title='bbox 204 909 238 950; x_wconf 85' lang='lat' dir='ltr'><strong>ex</strong></span> <span class='ocrx_word' id='word_1_51' title='bbox 259 909 329 950; x_wconf 85' lang='lat' dir='ltr'><strong>arce</strong></span> <span class='ocrx_word' id='word_1_52' title='bbox 349 886 490 969; x_wconf 82' lang='lat' dir='ltr'><strong>graminis</strong></span> <span class='ocrx_word' id='word_1_53' title='bbox 510 885 631 945; x_wconf 79' lang='lat' dir='ltr'>herbam</span> <span class='ocrx_word' id='word_1_54' title='bbox 650 902 756 963; x_wconf 89' lang='lat' dir='ltr'><strong>puram</strong></span> <span class='ocrx_word' id='word_1_55' title='bbox 782 881 902 952; x_wconf 75' lang='lat' dir='ltr'><strong>attulit3</strong></span> <span class='ocrx_word' id='word_1_56' title='bbox 921 882 1025 961; x_wconf 79' lang='lat' dir='ltr'><strong>postea</strong></span> <span class='ocrx_word' id='word_1_57' title='bbox 1046 899 1145 959; x_wconf 84' lang='lat' dir='ltr'><strong>regem</strong></span> 
     </span>
     <span class='ocr_line' id='line_1_8' title="bbox 149 960 1144 1043; baseline -0.008 -17"><span class='ocrx_word' id='word_1_58' title='bbox 149 968 187 1027; x_wconf 87' lang='lat' dir='ltr'><strong>ita</strong></span> <span class='ocrx_word' id='word_1_59' title='bbox 199 989 229 1029; x_wconf 90' lang='lat' dir='ltr'><strong>ro</strong></span> <span class='ocrx_word' id='word_1_60' title='bbox 266 968 330 1029; x_wconf 85' lang='lat' dir='ltr'><strong>vit:</strong></span> <span class='ocrx_word' id='word_1_61' title='bbox 358 979 376 1004; x_wconf 90' lang='grc'>“</span> <span class='ocrx_word' id='word_1_62' title='bbox 386 968 462 1036; x_wconf 82' lang='lat' dir='ltr'><strong>Rex,</strong></span> <span class='ocrx_word' id='word_1_63' title='bbox 476 965 590 1026; x_wconf 82' lang='lat' dir='ltr'><strong>facisne</strong></span> <span class='ocrx_word' id='word_1_64' title='bbox 600 971 689 1024; x_wconf 85' lang='lat' dir='ltr'><strong>metu</strong></span> <span class='ocrx_word' id='word_1_65' title='bbox 700 963 813 1043; x_wconf 80' lang='lat' dir='ltr'><strong>regium</strong></span> <span class='ocrx_word' id='word_1_66' title='bbox 827 961 968 1021; x_wconf 88' lang='lat' dir='ltr'><strong>nuncium</strong></span> <span class='ocrx_word' id='word_1_67' title='bbox 977 960 1144 1042; x_wconf 86' lang='lat' dir='ltr'><strong>populiRo·</strong></span> 
     </span>
     <span class='ocr_line' id='line_1_9' title="bbox 147 989 1145 1124; baseline -0.008 -18"><span class='ocrx_word' id='word_1_68' title='bbox 147 989 419 1124; x_wconf 57' lang='lat' dir='ltr'><strong>inanigdnotium?</strong></span> <span class='ocrx_word' id='word_1_69' title='bbox 448 1065 529 1114; x_wconf 81' lang='lat' dir='ltr'><strong>rasa,</strong></span> <span class='ocrx_word' id='word_1_70' title='bbox 551 1044 732 1121; x_wconf 88' lang='lat' dir='ltr'><strong>comitesque</strong></span> <span class='ocrx_word' id='word_1_71' title='bbox 743 1062 825 1102; x_wconf 89' lang='lat' dir='ltr'><strong>meos</strong></span> <span class='ocrx_word' id='word_1_72' title='bbox 838 1041 875 1100; x_wconf 79' lang='lat' dir='ltr'><strong>i¹”</strong></span> <span class='ocrx_word' id='word_1_73' title='bbox 895 1041 962 1100; x_wconf 81' lang='lat' dir='ltr'><strong>Rex</strong></span> <span class='ocrx_word' id='word_1_74' title='bbox 975 1040 1145 1119; x_wconf 88' lang='lat' dir='ltr'><strong>respondit:</strong></span> 
     </span>
     <span class='ocr_line' id='line_1_10' title="bbox 148 1118 1146 1204; baseline -0.011 -15"><span class='ocrx_word' id='word_1_75' title='bbox 148 1129 259 1202; x_wconf 84' lang='lat' dir='ltr'><strong>“Quod</strong></span> <span class='ocrx_word' id='word_1_76' title='bbox 272 1128 335 1188; x_wconf 90' lang='lat' dir='ltr'><strong>sine</strong></span> <span class='ocrx_word' id='word_1_77' title='bbox 347 1127 454 1188; x_wconf 80' lang='lat' dir='ltr'><strong>fraude</strong></span> <span class='ocrx_word' id='word_1_78' title='bbox 468 1145 535 1186; x_wconf 86' lang='lat' dir='ltr'><strong>mea</strong></span> <span class='ocrx_word' id='word_1_79' title='bbox 569 1123 710 1204; x_wconf 86' lang='lat' dir='ltr'><strong>opuliqne</strong></span> <span class='ocrx_word' id='word_1_80' title='bbox 718 1121 845 1183; x_wconf 86' lang='lat' dir='ltr'><strong>Romani</strong></span> <span class='ocrx_word' id='word_1_81' title='bbox 856 1121 1016 1195; x_wconf 87' lang='lat' dir='ltr'><strong>Quiritium</strong></span> <span class='ocrx_word' id='word_1_82' title='bbox 1030 1119 1091 1188; x_wconf 78' lang='lat' dir='ltr'><strong>fiat,</strong></span> <span class='ocrx_word' id='word_1_83' title='bbox 1101 1118 1146 1178; x_wconf 88' lang='lat' dir='ltr'><strong>fa-</strong></span> 
     </span>
     <span class='ocr_line' id='line_1_11' title="bbox 147 1199 1148 1284; baseline -0.009 -18"><span class='ocrx_word' id='word_1_84' title='bbox 147 1206 219 1267; x_wconf 87' lang='lat' dir='ltr'><strong>cio.”</strong></span> <span class='ocrx_word' id='word_1_85' title='bbox 259 1208 387 1270; x_wconf 82' lang='lat' dir='ltr'><strong>Fecialis</strong></span> <span class='ocrx_word' id='word_1_86' title='bbox 398 1214 462 1267; x_wconf 86' lang='lat' dir='ltr'><strong>erat</strong></span> <span class='ocrx_word' id='word_1_87' title='bbox 472 1207 516 1266; x_wconf 90' lang='lat' dir='ltr'><strong>M.</strong></span> <span class='ocrx_word' id='word_1_88' title='bbox 554 1204 672 1273; x_wconf 85' lang='lat' dir='ltr'><strong>alerius,</strong></span> <span class='ocrx_word' id='word_1_89' title='bbox 681 1210 796 1284; x_wconf 87' lang='lat' dir='ltr'><strong>patrem</strong></span> <span class='ocrx_word' id='word_1_90' title='bbox 807 1208 955 1282; x_wconf 87' lang='lat' dir='ltr'><strong>patratum</strong></span> <span class='ocrx_word' id='word_1_91' title='bbox 967 1199 1148 1280; x_wconf 79' lang='lat' dir='ltr'><strong>SpFusinm</strong></span> 
     </span>
     <span class='ocr_line' id='line_1_12' title="bbox 148 1280 1147 1375; baseline -0.005 -30"><span class='ocrx_word' id='word_1_92' title='bbox 148 1287 223 1359; x_wconf 84' lang='lat' dir='ltr'><strong>fecit,</strong></span> <span class='ocrx_word' id='word_1_93' title='bbox 236 1291 367 1350; x_wconf 71' lang='lat' dir='ltr'><strong>verbena</strong></span> <span class='ocrx_word' id='word_1_94' title='bbox 380 1293 470 1368; x_wconf 89' lang='lat' dir='ltr'><strong>caput</strong></span> <span class='ocrx_word' id='word_1_95' title='bbox 485 1285 675 1368; x_wconf 88' lang='lat' dir='ltr'><strong>capellosque</strong></span> <span class='ocrx_word' id='word_1_96' title='bbox 688 1292 823 1375; x_wconf 77' lang='lat' dir='ltr'><strong>tangens.</strong></span> <span class='ocrx_word' id='word_1_97' title='bbox 862 1282 954 1342; x_wconf 88' lang='lat' dir='ltr'><strong>Pater</strong></span> <span class='ocrx_word' id='word_1_98' title='bbox 967 1280 1147 1361; x_wconf 86' lang='lat' dir='ltr'><strong>patratusad</strong></span> 
     </span>
     <span class='ocr_line' id='line_1_13' title="bbox 145 1360 1147 1447; baseline -0.007 -22"><span class='ocrx_word' id='word_1_99' title='bbox 145 1369 350 1447; x_wconf 83' lang='lat' dir='ltr'><strong>jusjurandum</strong></span> <span class='ocrx_word' id='word_1_100' title='bbox 365 1367 552 1447; x_wconf 85' lang='lat' dir='ltr'><strong>patrandum,</strong></span> <span class='ocrx_word' id='word_1_101' title='bbox 562 1365 594 1426; x_wconf 89' lang='lat' dir='ltr'><strong>id</strong></span> <span class='ocrx_word' id='word_1_102' title='bbox 608 1369 665 1435; x_wconf 87' lang='lat' dir='ltr'><strong>est,</strong></span> <span class='ocrx_word' id='word_1_103' title='bbox 678 1364 873 1424; x_wconf 81' lang='lat' dir='ltr'><strong>sanciendum</strong></span> <span class='ocrx_word' id='word_1_104' title='bbox 884 1361 919 1421; x_wconf 85' lang='lat' dir='ltr'><strong>fit</strong></span> <span class='ocrx_word' id='word_1_105' title='bbox 929 1361 1029 1423; x_wconf 79' lang='lat' dir='ltr'><strong>foedus</strong></span> <span class='ocrx_word' id='word_1_106' title='bbox 1041 1381 1050 1430; x_wconf 62' lang='grc' dir='ltr'><strong><em>ς</em></strong></span> <span class='ocrx_word' id='word_1_107' title='bbox 1069 1360 1147 1419; x_wconf 89' lang='lat' dir='ltr'><strong>mul·</strong></span> 
     </span>
     <span class='ocr_line' id='line_1_14' title="bbox 148 1443 1148 1527; baseline -0.005 -23"><span class='ocrx_word' id='word_1_108' title='bbox 148 1446 240 1526; x_wconf 87' lang='lat' dir='ltr'><strong>tisque</strong></span> <span class='ocrx_word' id='word_1_109' title='bbox 254 1448 288 1506; x_wconf 90' lang='lat' dir='ltr'><strong>id</strong></span> <span class='ocrx_word' id='word_1_110' title='bbox 302 1447 408 1514; x_wconf 85' lang='lat' dir='ltr'><strong>verbis,</strong></span> <span class='ocrx_word' id='word_1_111' title='bbox 422 1466 490 1525; x_wconf 79' lang='lat' dir='ltr'><strong>quse</strong></span> <span class='ocrx_word' id='word_1_112' title='bbox 506 1445 592 1527; x_wconf 83' lang='lat' dir='ltr'><strong>longo</strong></span> <span class='ocrx_word' id='word_1_113' title='bbox 606 1445 696 1506; x_wconf 82' lang='lat' dir='ltr'><strong>effata</strong></span> <span class='ocrx_word' id='word_1_114' title='bbox 708 1443 840 1504; x_wconf 74' lang='lat' dir='ltr'><strong>carmine</strong></span> <span class='ocrx_word' id='word_1_115' title='bbox 853 1459 913 1504; x_wconf 89' lang='lat' dir='ltr'><strong>non</strong></span> <span class='ocrx_word' id='word_1_116' title='bbox 927 1461 1026 1522; x_wconf 84' lang='lat' dir='ltr'><strong>operae</strong></span> <span class='ocrx_word' id='word_1_117' title='bbox 1040 1445 1089 1500; x_wconf 90' lang='lat' dir='ltr'><strong>est</strong></span> <span class='ocrx_word' id='word_1_118' title='bbox 1099 1461 1148 1500; x_wconf 90' lang='lat' dir='ltr'><strong>re·</strong></span> 
     </span>
     <span class='ocr_line' id='line_1_15' title="bbox 149 1520 1148 1610; baseline -0.004 -27"><span class='ocrx_word' id='word_1_119' title='bbox 149 1526 228 1595; x_wconf 80' lang='lat' dir='ltr'><strong>terre,</strong></span> <span class='ocrx_word' id='word_1_120' title='bbox 251 1527 375 1610; x_wconf 82' lang='lat' dir='ltr'><strong>peragit.</strong></span> <span class='ocrx_word' id='word_1_121' title='bbox 416 1527 545 1608; x_wconf 81' lang='lat' dir='ltr'>Legibus</span> <span class='ocrx_word' id='word_1_122' title='bbox 566 1524 675 1586; x_wconf 89' lang='lat' dir='ltr'><strong>deiude</strong></span> <span class='ocrx_word' id='word_1_123' title='bbox 696 1523 850 1584; x_wconf 86' lang='lat' dir='ltr'><strong>recitatis:</strong></span> <span class='ocrx_word' id='word_1_124' title='bbox 880 1534 898 1559; x_wconf 80' lang='lat'><strong>‘⁸</strong></span> <span class='ocrx_word' id='word_1_125' title='bbox 911 1521 1026 1591; x_wconf 82' lang='lat' dir='ltr'><strong>Audi,”</strong></span> <span class='ocrx_word' id='word_1_126' title='bbox 1038 1520 1148 1600; x_wconf 89' lang='lat' dir='ltr'><strong>inquit,</strong></span> 
     </span>
     <span class='ocr_line' id='line_1_16' title="bbox 147 1601 1147 1687; baseline -0.006 -23"><span class='ocrx_word' id='word_1_127' title='bbox 147 1607 307 1686; x_wconf 63' lang='lat' dir='ltr'><strong>“Jupitem</strong></span> <span class='ocrx_word' id='word_1_128' title='bbox 327 1605 398 1668; x_wconf 89' lang='lat' dir='ltr'><strong>audi</strong></span> <span class='ocrx_word' id='word_1_129' title='bbox 419 1614 502 1686; x_wconf 86' lang='lat' dir='ltr'><strong>pater</strong></span> <span class='ocrx_word' id='word_1_130' title='bbox 515 1613 631 1687; x_wconf 83' lang='lat' dir='ltr'><strong>patrate</strong></span> <span class='ocrx_word' id='word_1_131' title='bbox 645 1604 747 1685; x_wconf 84' lang='lat' dir='ltr'><strong>populi</strong></span> <span class='ocrx_word' id='word_1_132' title='bbox 768 1602 879 1664; x_wconf 83' lang='lat' dir='ltr'><strong>Albani</strong></span> <span class='ocrx_word' id='word_1_133' title='bbox 893 1623 902 1672; x_wconf 85' lang='lat'><strong>;</strong></span> <span class='ocrx_word' id='word_1_134' title='bbox 922 1601 992 1661; x_wconf 89' lang='lat' dir='ltr'><strong>audi</strong></span> <span class='ocrx_word' id='word_1_135' title='bbox 1006 1607 1040 1660; x_wconf 89' lang='lat' dir='ltr'><strong>tu</strong></span> <span class='ocrx_word' id='word_1_136' title='bbox 1053 1621 1147 1681; x_wconf 87' lang='lat' dir='ltr'><strong>popu-</strong></span> 
     </span>
     <span class='ocr_line' id='line_1_17' title="bbox 148 1680 1149 1766; baseline -0.005 -23"><span class='ocrx_word' id='word_1_137' title='bbox 148 1684 190 1745; x_wconf 91' lang='lat' dir='ltr'><strong>lus</strong></span> <span class='ocrx_word' id='word_1_138' title='bbox 209 1687 368 1756; x_wconf 82' lang='lat' dir='ltr'><strong>Albanus3</strong></span> <span class='ocrx_word' id='word_1_139' title='bbox 389 1693 424 1746; x_wconf 87' lang='lat' dir='ltr'><strong>ut</strong></span> <span class='ocrx_word' id='word_1_140' title='bbox 447 1686 500 1745; x_wconf 87' lang='lat' dir='ltr'><strong>iiia</strong></span> <span class='ocrx_word' id='word_1_141' title='bbox 519 1686 617 1766; x_wconf 88' lang='lat' dir='ltr'><strong>palam</strong></span> <span class='ocrx_word' id='word_1_142' title='bbox 638 1684 734 1764; x_wconf 87' lang='lat' dir='ltr'><strong>prima</strong></span> <span class='ocrx_word' id='word_1_143' title='bbox 754 1691 901 1762; x_wconf 75' lang='lat' dir='ltr'><strong>postrema</strong></span> <span class='ocrx_word' id='word_1_144' title='bbox 915 1702 951 1741; x_wconf 88' lang='lat' dir='ltr'><strong>ex</strong></span> <span class='ocrx_word' id='word_1_145' title='bbox 964 1682 1026 1740; x_wconf 86' lang='lat' dir='ltr'><strong>iilis</strong></span> <span class='ocrx_word' id='word_1_146' title='bbox 1039 1680 1149 1741; x_wconf 86' lang='lat' dir='ltr'><strong>tabulis</strong></span> 
     </span>
     <span class='ocr_line' id='line_1_18' title="bbox 149 1760 1148 1842; baseline -0.004 -19"><span class='ocrx_word' id='word_1_147' title='bbox 149 1773 249 1826; x_wconf 68' lang='lat' dir='ltr'><strong>cerave</strong></span> <span class='ocrx_word' id='word_1_148' title='bbox 264 1767 391 1827; x_wconf 88' lang='lat' dir='ltr'><strong>recitata</strong></span> <span class='ocrx_word' id='word_1_149' title='bbox 405 1771 474 1824; x_wconf 87' lang='lat' dir='ltr'><strong>sunt</strong></span> <span class='ocrx_word' id='word_1_150' title='bbox 483 1765 548 1824; x_wconf 91' lang='lat' dir='ltr'><strong>sine</strong></span> <span class='ocrx_word' id='word_1_151' title='bbox 561 1765 629 1824; x_wconf 86' lang='lat' dir='ltr'><strong>dolo</strong></span> <span class='ocrx_word' id='word_1_152' title='bbox 643 1764 730 1832; x_wconf 84' lang='lat' dir='ltr'><strong>malo,</strong></span> <span class='ocrx_word' id='word_1_153' title='bbox 744 1763 848 1842; x_wconf 89' lang='lat' dir='ltr'><strong>utique</strong></span> <span class='ocrx_word' id='word_1_154' title='bbox 862 1782 898 1821; x_wconf 88' lang='lat' dir='ltr'><strong>ea</strong></span> <span class='ocrx_word' id='word_1_155' title='bbox 917 1761 968 1820; x_wconf 86' lang='lat' dir='ltr'><strong>hic</strong></span> <span class='ocrx_word' id='word_1_156' title='bbox 981 1760 1068 1820; x_wconf 88' lang='lat' dir='ltr'><strong>hodic</strong></span> <span class='ocrx_word' id='word_1_157' title='bbox 1082 1781 1148 1820; x_wconf 87' lang='lat' dir='ltr'><strong>rec·</strong></span> 
     </span>
     <span class='ocr_line' id='line_1_19' title="bbox 148 1840 1148 1924; baseline -0.003 -21"><span class='ocrx_word' id='word_1_158' title='bbox 148 1845 256 1906; x_wconf 60' lang='lat' dir='ltr'><strong>tissimi</strong></span> <span class='ocrx_word' id='word_1_159' title='bbox 272 1846 427 1906; x_wconf 87' lang='lat' dir='ltr'><strong>intellecta</strong></span> <span class='ocrx_word' id='word_1_160' title='bbox 454 1850 533 1915; x_wconf 88' lang='lat' dir='ltr'><strong>sunt,</strong></span> <span class='ocrx_word' id='word_1_161' title='bbox 553 1845 614 1904; x_wconf 90' lang='lat' dir='ltr'><strong>illis</strong></span> <span class='ocrx_word' id='word_1_162' title='bbox 628 1843 743 1924; x_wconf 86' lang='lat' dir='ltr'><strong>legibus</strong></span> <span class='ocrx_word' id='word_1_163' title='bbox 764 1842 890 1924; x_wconf 86' lang='lat' dir='ltr'><strong>populus</strong></span> <span class='ocrx_word' id='word_1_164' title='bbox 905 1843 1057 1902; x_wconf 87' lang='lat' dir='ltr'><strong>Romanus</strong></span> <span class='ocrx_word' id='word_1_165' title='bbox 1069 1840 1148 1920; x_wconf 86' lang='lat' dir='ltr'><strong>prior</strong></span> 
     </span>
     <span class='ocr_line' id='line_1_20' title="bbox 149 1921 1150 2006; baseline -0.003 -23"><span class='ocrx_word' id='word_1_166' title='bbox 149 1943 202 1984; x_wconf 90' lang='lat' dir='ltr'><strong>non</strong></span> <span class='ocrx_word' id='word_1_167' title='bbox 215 1925 350 1986; x_wconf 87' lang='lat' dir='ltr'><strong>deficiet.</strong></span> <span class='ocrx_word' id='word_1_168' title='bbox 391 1925 423 1986; x_wconf 89' lang='lat' dir='ltr'><strong>Si</strong></span> <span class='ocrx_word' id='word_1_169' title='bbox 442 1925 522 2006; x_wconf 85' lang='lat' dir='ltr'><strong>prior</strong></span> <span class='ocrx_word' id='word_1_170' title='bbox 543 1923 655 1986; x_wconf 82' lang='lat' dir='ltr'><strong>defexit</strong></span> <span class='ocrx_word' id='word_1_171' title='bbox 676 1924 794 2004; x_wconf 85' lang='lat' dir='ltr'><strong>publico</strong></span> <span class='ocrx_word' id='word_1_172' title='bbox 815 1921 949 1991; x_wconf 87' lang='lat' dir='ltr'><strong>consilio,</strong></span> <span class='ocrx_word' id='word_1_173' title='bbox 970 1922 1038 1983; x_wconf 85' lang='lat' dir='ltr'><strong>doio</strong></span> <span class='ocrx_word' id='word_1_174' title='bbox 1052 1922 1150 1992; x_wconf 81' lang='lat' dir='ltr'><strong>maio;</strong></span> 
     </span>
     <span class='ocr_line' id='line_1_21' title="bbox 149 2002 1150 2143; baseline -0.003 -81"><span class='ocrx_word' id='word_1_175' title='bbox 149 2011 176 2063; x_wconf 88' lang='lat' dir='ltr'><strong>tu</strong></span> <span class='ocrx_word' id='word_1_176' title='bbox 197 2005 251 2065; x_wconf 90' lang='lat' dir='ltr'><strong>illo</strong></span> <span class='ocrx_word' id='word_1_177' title='bbox 272 2005 330 2076; x_wconf 90' lang='lat' dir='ltr'><strong>die,</strong></span> <span class='ocrx_word' id='word_1_178' title='bbox 357 2005 482 2086; x_wconf 84' lang='lat' dir='ltr'><strong>Jupiter,</strong></span> <span class='ocrx_word' id='word_1_179' title='bbox 507 2005 648 2143; x_wconf 63' lang='lat' dir='ltr'><strong>P⁰sPUlu¹ss</strong></span> <span class='ocrx_word' id='word_1_180' title='bbox 669 2005 835 2064; x_wconf 84' lang='lat' dir='ltr'><strong>Romanum</strong></span> <span class='ocrx_word' id='word_1_181' title='bbox 861 2003 905 2062; x_wconf 89' lang='lat' dir='ltr'><strong>sic</strong></span> <span class='ocrx_word' id='word_1_182' title='bbox 920 2002 1017 2072; x_wconf 84' lang='lat' dir='ltr'><strong>ferito,</strong></span> <span class='ocrx_word' id='word_1_183' title='bbox 1047 2008 1081 2064; x_wconf 84' lang='lat' dir='ltr'><strong>ut</strong></span> <span class='ocrx_word' id='word_1_184' title='bbox 1095 2022 1150 2081; x_wconf 80' lang='lat' dir='ltr'><strong>ego</strong></span> 
     </span>
     <span class='ocr_line' id='line_1_22' title="bbox 148 2081 1150 2167; baseline -0.001 -26"><span class='ocrx_word' id='word_1_185' title='bbox 148 2083 221 2146; x_wconf 87' lang='lat' dir='ltr'><strong>hunc</strong></span> <span class='ocrx_word' id='word_1_186' title='bbox 235 2106 361 2167; x_wconf 88' lang='lat' dir='ltr'><strong>porcum</strong></span> <span class='ocrx_word' id='word_1_187' title='bbox 372 2085 423 2144; x_wconf 84' lang='lat' dir='ltr'><strong>hic</strong></span> <span class='ocrx_word' id='word_1_188' title='bbox 437 2084 524 2145; x_wconf 87' lang='lat' dir='ltr'><strong>hodie</strong></span> <span class='ocrx_word' id='word_1_189' title='bbox 547 2084 659 2144; x_wconf 79' lang='lat' dir='ltr'><strong>eriam:</strong></span> <span class='ocrx_word' id='word_1_190' title='bbox 679 2086 823 2162; x_wconf 83' lang='lat' dir='ltr'><strong>tantoque</strong></span> <span class='ocrx_word' id='word_1_191' title='bbox 836 2082 929 2163; x_wconf 81' lang='lat' dir='ltr'><strong>magis</strong></span> <span class='ocrx_word' id='word_1_192' title='bbox 952 2081 1041 2141; x_wconf 81' lang='lat' dir='ltr'><strong>ferito</strong></span> <span class='ocrx_word' id='word_1_193' title='bbox 1054 2100 1150 2160; x_wconf 88' lang='lat' dir='ltr'><strong>quau-</strong></span> 
     </span>
     <span class='ocr_line' id='line_1_23' title="bbox 149 2160 1149 2245; baseline -0.002 -23"><span class='ocrx_word' id='word_1_194' title='bbox 149 2169 174 2222; x_wconf 84' lang='lat' dir='ltr'><strong>to</strong></span> <span class='ocrx_word' id='word_1_195' title='bbox 187 2165 285 2244; x_wconf 81' lang='lat' dir='ltr'><strong>magis</strong></span> <span class='ocrx_word' id='word_1_196' title='bbox 299 2169 384 2245; x_wconf 86' lang='lat' dir='ltr'><strong>potes</strong></span> <span class='ocrx_word' id='word_1_197' title='bbox 397 2163 583 2243; x_wconf 81' lang='lat' dir='ltr'><strong>pellesque.”</strong></span> <span class='ocrx_word' id='word_1_198' title='bbox 626 2161 663 2241; x_wconf 76' lang='lat' dir='ltr'><strong>id</strong></span> <span class='ocrx_word' id='word_1_199' title='bbox 683 2162 734 2220; x_wconf 87' lang='lat' dir='ltr'><strong>ubi</strong></span> <span class='ocrx_word' id='word_1_200' title='bbox 746 2162 830 2230; x_wconf 82' lang='lat' dir='ltr'>dixit,</span> <span class='ocrx_word' id='word_1_201' title='bbox 844 2181 965 2240; x_wconf 87' lang='lat' dir='ltr'><strong>porcum</strong></span> <span class='ocrx_word' id='word_1_202' title='bbox 980 2180 1051 2220; x_wconf 83' lang='lat' dir='ltr'><strong>saxo</strong></span> <span class='ocrx_word' id='word_1_203' title='bbox 1065 2160 1149 2220; x_wconf 81' lang='lat' dir='ltr'><strong>silice</strong></span> 
     </span>
     <span class='ocr_line' id='line_1_24' title="bbox 149 2238 1149 2322; baseline -0.004 -18"><span class='ocrx_word' id='word_1_204' title='bbox 149 2243 302 2322; x_wconf 73' lang='lat' dir='ltr'><strong>percussit.</strong></span> <span class='ocrx_word' id='word_1_205' title='bbox 343 2243 405 2302; x_wconf 88' lang='lat' dir='ltr'><strong>Sua</strong></span> <span class='ocrx_word' id='word_1_206' title='bbox 418 2240 490 2302; x_wconf 90' lang='lat' dir='ltr'><strong>item</strong></span> <span class='ocrx_word' id='word_1_207' title='bbox 504 2238 637 2301; x_wconf 87' lang='lat' dir='ltr'><strong>carmina</strong></span> <span class='ocrx_word' id='word_1_208' title='bbox 651 2241 770 2307; x_wconf 79' lang='lat' dir='ltr'><strong>Albani,</strong></span> <span class='ocrx_word' id='word_1_209' title='bbox 783 2259 929 2318; x_wconf 89' lang='lat' dir='ltr'><strong>suumque</strong></span> <span class='ocrx_word' id='word_1_210' title='bbox 939 2241 1149 2320; x_wconf 88' lang='lat' dir='ltr'><strong>jusjurandum</strong></span> 
     </span>
     <span class='ocr_line' id='line_1_25' title="bbox 149 2319 1016 2402; baseline -0.005 -20"><span class='ocrx_word' id='word_1_211' title='bbox 149 2341 195 2402; x_wconf 91' lang='lat' dir='ltr'><strong>per</strong></span> <span class='ocrx_word' id='word_1_212' title='bbox 208 2343 298 2384; x_wconf 90' lang='lat' dir='ltr'><strong>suum</strong></span> <span class='ocrx_word' id='word_1_213' title='bbox 310 2322 488 2382; x_wconf 86' lang='lat' dir='ltr'><strong>dictatorem·</strong></span> <span class='ocrx_word' id='word_1_214' title='bbox 501 2339 629 2399; x_wconf 89' lang='lat' dir='ltr'><strong>suosque</strong></span> <span class='ocrx_word' id='word_1_215' title='bbox 644 2319 815 2380; x_wconf 81' lang='lat' dir='ltr'>sacerdotes</span> <span class='ocrx_word' id='word_1_216' title='bbox 828 2326 1016 2400; x_wconf 83' lang='lat' dir='ltr'><strong>peregerunt.</strong></span> 
     </span>
    </p>

    <p class='ocr_par' dir='ltr' id='par_1_3' title="bbox 150 2399 1218 3601">
     <span class='ocr_line' id='line_1_26' title="bbox 183 2399 1170 2481; baseline -0.003 -17"><span class='ocrx_word' id='word_1_217' title='bbox 183 2404 281 2464; x_wconf 88' lang='lat' dir='ltr'>XXV.</span> <span class='ocrx_word' id='word_1_218' title='bbox 303 2402 428 2463; x_wconf 81' lang='lat' dir='ltr'><strong>Foedere</strong></span> <span class='ocrx_word' id='word_1_219' title='bbox 441 2400 511 2470; x_wconf 87' lang='lat' dir='ltr'><strong>icto,</strong></span> <span class='ocrx_word' id='word_1_220' title='bbox 531 2399 692 2481; x_wconf 78' lang='lat' dir='ltr'><strong>trigemini,</strong></span> <span class='ocrx_word' id='word_1_221' title='bbox 706 2399 785 2460; x_wconf 88' lang='lat' dir='ltr'><strong>sicut</strong></span> <span class='ocrx_word' id='word_1_222' title='bbox 799 2407 988 2469; x_wconf 84' lang='lat' dir='ltr'><strong>convenerat,</strong></span> <span class='ocrx_word' id='word_1_223' title='bbox 1003 2419 1086 2460; x_wconf 82' lang='lat' dir='ltr'><strong>arma</strong></span> <span class='ocrx_word' id='word_1_224' title='bbox 1099 2420 1149 2461; x_wconf 85' lang='lat' dir='ltr'><strong>ca·</strong></span> <span class='ocrx_word' id='word_1_225' title='bbox 1165 2399 1170 2411; x_wconf 86' lang='lat'><em>&#39;</em></span> 
     </span>
     <span class='ocr_line' id='line_1_27' title="bbox 150 2479 1150 2561; baseline 0.001 -21"><span class='ocrx_word' id='word_1_226' title='bbox 150 2480 239 2560; x_wconf 88' lang='lat' dir='ltr'><strong>piant.</strong></span> <span class='ocrx_word' id='word_1_227' title='bbox 282 2482 380 2556; x_wconf 82' lang='lat' dir='ltr'><strong>Quum</strong></span> <span class='ocrx_word' id='word_1_228' title='bbox 404 2481 450 2540; x_wconf 89' lang='lat' dir='ltr'><strong>sui</strong></span> <span class='ocrx_word' id='word_1_229' title='bbox 470 2487 611 2560; x_wconf 86' lang='lat' dir='ltr'><strong>utrosque</strong></span> <span class='ocrx_word' id='word_1_230' title='bbox 635 2480 871 2549; x_wconf 77' lang='lat' dir='ltr'><strong>adhortarentur,</strong></span> <span class='ocrx_word' id='word_1_231' title='bbox 894 2493 913 2520; x_wconf 83' lang='grc'><strong>“</strong></span> <span class='ocrx_word' id='word_1_232' title='bbox 923 2483 1003 2540; x_wconf 88' lang='lat' dir='ltr'><strong>Deos</strong></span> <span class='ocrx_word' id='word_1_233' title='bbox 1029 2479 1150 2561; x_wconf 87' lang='lat' dir='ltr'><strong>patrios,</strong></span> 
     </span>
     <span class='ocr_line' id='line_1_28' title="bbox 151 2560 1212 2700; baseline -0.003 -78"><span class='ocrx_word' id='word_1_234' title='bbox 151 2563 270 2640; x_wconf 86' lang='lat' dir='ltr'><strong>patriam</strong></span> <span class='ocrx_word' id='word_1_235' title='bbox 285 2583 320 2622; x_wconf 86' lang='lat' dir='ltr'><strong>ac</strong></span> <span class='ocrx_word' id='word_1_236' title='bbox 332 2570 480 2700; x_wconf 76' lang='lat' dir='ltr'><strong>parentes,</strong></span> <span class='ocrx_word' id='word_1_237' title='bbox 494 2560 641 2640; x_wconf 89' lang='lat' dir='ltr'><strong>quidquid</strong></span> <span class='ocrx_word' id='word_1_238' title='bbox 655 2561 766 2620; x_wconf 79' lang='lat' dir='ltr'><strong>civium</strong></span> <span class='ocrx_word' id='word_1_239' title='bbox 781 2560 870 2630; x_wconf 90' lang='lat' dir='ltr'><strong>domi,</strong></span> <span class='ocrx_word' id='word_1_240' title='bbox 884 2560 1031 2641; x_wconf 90' lang='lat' dir='ltr'><strong>quidquid</strong></span> <span class='ocrx_word' id='word_1_241' title='bbox 1053 2561 1084 2621; x_wconf 92' lang='lat' dir='ltr'><strong>in</strong></span> <span class='ocrx_word' id='word_1_242' title='bbox 1098 2581 1150 2621; x_wconf 85' lang='lat' dir='ltr'><strong>ex·</strong></span> <span class='ocrx_word' id='word_1_243' title='bbox 1205 2564 1212 2619; x_wconf 82' lang='lat' dir='ltr'><strong>i</strong></span> 
     </span>
     <span class='ocr_line' id='line_1_29' title="bbox 152 2626 1211 2712; baseline 0.004 -14"><span class='ocrx_word' id='word_1_244' title='bbox 152 2643 240 2702; x_wconf 88' lang='lat' dir='ltr'><strong>ercitu</strong></span> <span class='ocrx_word' id='word_1_245' title='bbox 255 2642 304 2712; x_wconf 90' lang='lat' dir='ltr'><strong>sit,</strong></span> <span class='ocrx_word' id='word_1_246' title='bbox 325 2642 335 2700; x_wconf 96' lang='lat' dir='ltr'><strong>i</strong></span> <span class='ocrx_word' id='word_1_247' title='bbox 348 2642 443 2702; x_wconf 87' lang='lat' dir='ltr'><strong>lorum</strong></span> <span class='ocrx_word' id='word_1_248' title='bbox 457 2647 529 2702; x_wconf 86' lang='lat' dir='ltr'><strong>tuuc</strong></span> <span class='ocrx_word' id='word_1_249' title='bbox 544 2660 635 2709; x_wconf 75' lang='lat' dir='ltr'><strong>arma,</strong></span> <span class='ocrx_word' id='word_1_250' title='bbox 647 2640 766 2700; x_wconf 84' lang='lat' dir='ltr'><strong>illorum</strong></span> <span class='ocrx_word' id='word_1_251' title='bbox 786 2640 896 2701; x_wconf 87' lang='lat' dir='ltr'><strong>intueri</strong></span> <span class='ocrx_word' id='word_1_252' title='bbox 909 2661 1016 2702; x_wconf 85' lang='lat' dir='ltr'><strong>manos</strong></span> <span class='ocrx_word' id='word_1_253' title='bbox 1028 2643 1059 2698; x_wconf 86' lang='lat'><strong>:”</strong></span> <span class='ocrx_word' id='word_1_254' title='bbox 1072 2640 1150 2702; x_wconf 64' lang='lat' dir='ltr'><strong>feror</strong></span> <span class='ocrx_word' id='word_1_255' title='bbox 1206 2626 1211 2671; x_wconf 76' lang='lat'><strong>¹</strong></span> 
     </span>
     <span class='ocr_line' id='line_1_30' title="bbox 151 2719 1151 2803; baseline 0.002 -25"><span class='ocrx_word' id='word_1_256' title='bbox 151 2740 195 2780; x_wconf 86' lang='lat' dir='ltr'><strong>ces</strong></span> <span class='ocrx_word' id='word_1_257' title='bbox 209 2729 239 2782; x_wconf 88' lang='lat' dir='ltr'><strong>et</strong></span> <span class='ocrx_word' id='word_1_258' title='bbox 255 2728 360 2802; x_wconf 89' lang='lat' dir='ltr'><strong>suopte</strong></span> <span class='ocrx_word' id='word_1_259' title='bbox 378 2722 506 2803; x_wconf 87' lang='lat' dir='ltr'><strong>ingenio,</strong></span> <span class='ocrx_word' id='word_1_260' title='bbox 520 2728 553 2780; x_wconf 92' lang='lat' dir='ltr'><strong>et</strong></span> <span class='ocrx_word' id='word_1_261' title='bbox 565 2719 647 2801; x_wconf 88' lang='lat' dir='ltr'><strong>pleni</strong></span> <span class='ocrx_word' id='word_1_262' title='bbox 661 2719 883 2781; x_wconf 81' lang='lat' dir='ltr'><strong>adhortantium</strong></span> <span class='ocrx_word' id='word_1_263' title='bbox 896 2722 1029 2791; x_wconf 79' lang='lat' dir='ltr'><strong>vocibus,</strong></span> <span class='ocrx_word' id='word_1_264' title='bbox 1041 2721 1073 2780; x_wconf 91' lang='lat' dir='ltr'><strong>in</strong></span> <span class='ocrx_word' id='word_1_265' title='bbox 1087 2742 1151 2782; x_wconf 88' lang='lat' dir='ltr'><strong>rne-</strong></span> 
     </span>
     <span class='ocr_line' id='line_1_31' title="bbox 150 2800 1217 2882; baseline 0.002 -25"><span class='ocrx_word' id='word_1_266' title='bbox 150 2800 224 2864; x_wconf 88' lang='lat' dir='ltr'><strong>dium</strong></span> <span class='ocrx_word' id='word_1_267' title='bbox 256 2801 335 2860; x_wconf 88' lang='lat' dir='ltr'><strong>inter</strong></span> <span class='ocrx_word' id='word_1_268' title='bbox 354 2802 430 2862; x_wconf 83' lang='lat' dir='ltr'><strong>duas</strong></span> <span class='ocrx_word' id='word_1_269' title='bbox 450 2801 530 2862; x_wconf 83' lang='lat' dir='ltr'><strong>acies</strong></span> <span class='ocrx_word' id='word_1_270' title='bbox 551 2801 728 2882; x_wconf 83' lang='lat' dir='ltr'><strong>procedunt.</strong></span> <span class='ocrx_word' id='word_1_271' title='bbox 781 2801 989 2862; x_wconf 79' lang='lat' dir='ltr'><strong>consederant</strong></span> <span class='ocrx_word' id='word_1_272' title='bbox 1009 2802 1151 2881; x_wconf 90' lang='lat' dir='ltr'><strong>utrinque</strong></span> <span class='ocrx_word' id='word_1_273' title='bbox 1216 2830 1217 2859; x_wconf 68' lang='lat' dir='ltr'><strong>i</strong></span> 
     </span>
     <span class='ocr_line' id='line_1_32' title="bbox 150 2866 1218 2971; baseline 0.002 -33"><span class='ocrx_word' id='word_1_274' title='bbox 150 2897 196 2957; x_wconf 92' lang='lat' dir='ltr'><strong>pro</strong></span> <span class='ocrx_word' id='word_1_275' title='bbox 219 2881 329 2942; x_wconf 78' lang='lat' dir='ltr'><strong>castris</strong></span> <span class='ocrx_word' id='word_1_276' title='bbox 344 2875 403 2942; x_wconf 90' lang='lat' dir='ltr'><strong>duo</strong></span> <span class='ocrx_word' id='word_1_277' title='bbox 424 2881 582 2950; x_wconf 88' lang='lat' dir='ltr'><strong>exercitus,</strong></span> <span class='ocrx_word' id='word_1_278' title='bbox 603 2879 730 2961; x_wconf 84' lang='lat' dir='ltr'><strong>periculi</strong></span> <span class='ocrx_word' id='word_1_279' title='bbox 750 2880 843 2962; x_wconf 82' lang='lat' dir='ltr'><strong>magis</strong></span> <span class='ocrx_word' id='word_1_280' title='bbox 870 2878 1040 2962; x_wconf 61' lang='lat' dir='ltr'><strong>praesentis,</strong></span> <span class='ocrx_word' id='word_1_281' title='bbox 1060 2883 1152 2961; x_wconf 70' lang='lat' dir='ltr'><strong>qu:{m</strong></span> <span class='ocrx_word' id='word_1_282' title='bbox 1215 2866 1218 2971; x_wconf 67' lang='lat' dir='ltr'><strong>i</strong></span> 
     </span>
     <span class='ocr_line' id='line_1_33' title="bbox 152 2959 1216 3042; baseline 0.006 -26"><span class='ocrx_word' id='word_1_283' title='bbox 152 2979 234 3032; x_wconf 85' lang='lat' dir='ltr'><strong>curae,</strong></span> <span class='ocrx_word' id='word_1_284' title='bbox 251 2967 410 3040; x_wconf 56' lang='lat' dir='ltr'><strong>expertem</strong></span> <span class='ocrx_word' id='word_1_285' title='bbox 431 2961 541 3040; x_wconf 89' lang='lat' dir='ltr'><strong>quippe</strong></span> <span class='ocrx_word' id='word_1_286' title='bbox 561 2959 719 3040; x_wconf 88' lang='lat' dir='ltr'><strong>imperium</strong></span> <span class='ocrx_word' id='word_1_287' title='bbox 743 2964 894 3042; x_wconf 80' lang='lat' dir='ltr'><strong>agebatur,</strong></span> <span class='ocrx_word' id='word_1_288' title='bbox 914 2961 946 3021; x_wconf 90' lang='lat' dir='ltr'><strong>in</strong></span> <span class='ocrx_word' id='word_1_289' title='bbox 960 2969 1021 3022; x_wconf 91' lang='lat' dir='ltr'><strong>tarn</strong></span> <span class='ocrx_word' id='word_1_290' title='bbox 1041 2982 1152 3040; x_wconf 89' lang='lat' dir='ltr'><strong>pauco·</strong></span> <span class='ocrx_word' id='word_1_291' title='bbox 1215 2974 1216 2993; x_wconf 67' lang='lat'>¹</span> 
     </span>
     <span class='ocr_line' id='line_1_34' title="bbox 151 3039 1153 3122; baseline 0.004 -26"><span class='ocrx_word' id='word_1_292' title='bbox 151 3056 209 3100; x_wconf 86' lang='lat' dir='ltr'><strong>rum</strong></span> <span class='ocrx_word' id='word_1_293' title='bbox 228 3041 345 3102; x_wconf 84' lang='lat' dir='ltr'><strong>virtute</strong></span> <span class='ocrx_word' id='word_1_294' title='bbox 367 3047 457 3118; x_wconf 86' lang='lat' dir='ltr'><strong>atque</strong></span> <span class='ocrx_word' id='word_1_295' title='bbox 471 3039 591 3098; x_wconf 82' lang='lat' dir='ltr'><strong>fortuna</strong></span> <span class='ocrx_word' id='word_1_296' title='bbox 610 3039 739 3118; x_wconf 85' lang='lat' dir='ltr'><strong>positum</strong></span> <span class='ocrx_word' id='word_1_297' title='bbox 752 3062 760 3109; x_wconf 90' lang='lat'>;</span> <span class='ocrx_word' id='word_1_298' title='bbox 778 3042 881 3120; x_wconf 88' lang='lat' dir='ltr'><strong>itaque</strong></span> <span class='ocrx_word' id='word_1_299' title='bbox 895 3061 965 3122; x_wconf 79' lang='lat' dir='ltr'><strong>ergo</strong></span> <span class='ocrx_word' id='word_1_300' title='bbox 979 3041 1071 3100; x_wconf 91' lang='lat' dir='ltr'><strong>erecti</strong></span> <span class='ocrx_word' id='word_1_301' title='bbox 1086 3062 1153 3101; x_wconf 92' lang='lat' dir='ltr'><strong>sus-</strong></span> 
     </span>
     <span class='ocr_line' id='line_1_35' title="bbox 151 3118 1153 3200; baseline 0.003 -23"><span class='ocrx_word' id='word_1_302' title='bbox 151 3121 292 3200; x_wconf 84' lang='lat' dir='ltr'><strong>pensique</strong></span> <span class='ocrx_word' id='word_1_303' title='bbox 305 3120 337 3179; x_wconf 91' lang='lat' dir='ltr'><strong>iu</strong></span> <span class='ocrx_word' id='word_1_304' title='bbox 351 3118 472 3178; x_wconf 77' lang='lat' dir='ltr'><strong>minime</strong></span> <span class='ocrx_word' id='word_1_305' title='bbox 485 3124 602 3198; x_wconf 84' lang='lat' dir='ltr'><strong>gratum</strong></span> <span class='ocrx_word' id='word_1_306' title='bbox 614 3120 821 3197; x_wconf 83' lang='lat' dir='ltr'><strong>spectaculum</strong></span> <span class='ocrx_word' id='word_1_307' title='bbox 834 3120 932 3180; x_wconf 86' lang='lat' dir='ltr'><strong>animo</strong></span> <span class='ocrx_word' id='word_1_308' title='bbox 946 3120 1153 3183; x_wconf 83' lang='lat' dir='ltr'><strong>intenduntur.</strong></span> 
     </span>
     <span class='ocr_line' id='line_1_36' title="bbox 154 3197 1153 3280; baseline 0.004 -24"><span class='ocrx_word' id='word_1_309' title='bbox 154 3197 245 3260; x_wconf 84' lang='lat' dir='ltr'><strong>Datur</strong></span> <span class='ocrx_word' id='word_1_310' title='bbox 264 3199 402 3280; x_wconf 85' lang='lat' dir='ltr'><strong>signurn&#39;;</strong></span> <span class='ocrx_word' id='word_1_311' title='bbox 423 3197 599 3277; x_wconf 79' lang='lat' dir='ltr'><strong>infestisque</strong></span> <span class='ocrx_word' id='word_1_312' title='bbox 613 3199 813 3267; x_wconf 84' lang='lat' dir='ltr'><strong>armis,.velut</strong></span> <span class='ocrx_word' id='word_1_313' title='bbox 823 3200 912 3267; x_wconf 91' lang='lat' dir='ltr'><strong>acies,</strong></span> <span class='ocrx_word' id='word_1_314' title='bbox 926 3201 1004 3260; x_wconf 89' lang='lat' dir='ltr'><strong>terni</strong></span> <span class='ocrx_word' id='word_1_315' title='bbox 1012 3203 1153 3280; x_wconf 86' lang='lat' dir='ltr'><strong>juvenes,</strong></span> 
     </span>
     <span class='ocr_line' id='line_1_37' title="bbox 154 3278 1153 3360; baseline 0.008 -26"><span class='ocrx_word' id='word_1_316' title='bbox 154 3294 320 3360; x_wconf 79' lang='lat' dir='ltr'><strong>magnorum</strong></span> <span class='ocrx_word' id='word_1_317' title='bbox 334 3278 519 3343; x_wconf 82' lang='lat' dir='ltr'><strong>exercituum</strong></span> <span class='ocrx_word' id='word_1_318' title='bbox 533 3279 646 3337; x_wconf 86' lang='lat' dir='ltr'><strong>animos</strong></span> <span class='ocrx_word' id='word_1_319' title='bbox 656 3287 804 3358; x_wconf 83' lang='lat' dir='ltr'><strong>gerentes,</strong></span> <span class='ocrx_word' id='word_1_320' title='bbox 815 3288 1015 3342; x_wconf 84' lang='lat' dir='ltr'><strong>concurrunt:</strong></span> <span class='ocrx_word' id='word_1_321' title='bbox 1031 3302 1087 3341; x_wconf 89' lang='lat' dir='ltr'><strong>nec</strong></span> <span class='ocrx_word' id='word_1_322' title='bbox 1098 3282 1153 3350; x_wconf 89' lang='lat' dir='ltr'><strong>his,</strong></span> 
     </span>
     <span class='ocr_line' id='line_1_38' title="bbox 155 3357 1155 3440; baseline 0.009 -27"><span class='ocrx_word' id='word_1_323' title='bbox 155 3373 207 3416; x_wconf 85' lang='lat' dir='ltr'><strong>nec</strong></span> <span class='ocrx_word' id='word_1_324' title='bbox 220 3359 283 3419; x_wconf 85' lang='lat' dir='ltr'><strong>iilis</strong></span> <span class='ocrx_word' id='word_1_325' title='bbox 296 3358 462 3439; x_wconf 88' lang='lat' dir='ltr'><strong>periculum</strong></span> <span class='ocrx_word' id='word_1_326' title='bbox 477 3377 585 3428; x_wconf 88' lang='lat' dir='ltr'><strong>suurn;</strong></span> <span class='ocrx_word' id='word_1_327' title='bbox 604 3360 756 3438; x_wconf 81' lang='lat' dir='ltr'><strong>pubiicum</strong></span> <span class='ocrx_word' id='word_1_328' title='bbox 770 3357 926 3440; x_wconf 80' lang='lat' dir='ltr'><strong>imperium</strong></span> <span class='ocrx_word' id='word_1_329' title='bbox 940 3360 1155 3440; x_wconf 82' lang='lat' dir='ltr'><strong>servitiumque</strong></span> 
     </span>
     <span class='ocr_line' id='line_1_39' title="bbox 155 3436 1154 3521; baseline 0.009 -29"><span class='ocrx_word' id='word_1_330' title='bbox 155 3439 324 3497; x_wconf 82' lang='lat' dir='ltr'><strong>obversatur</strong></span> <span class='ocrx_word' id='word_1_331' title='bbox 337 3438 445 3506; x_wconf 90' lang='lat' dir='ltr'><strong>auimo,</strong></span> <span class='ocrx_word' id='word_1_332' title='bbox 458 3436 618 3516; x_wconf 77' lang='lat' dir='ltr'><strong>suturaque</strong></span> <span class='ocrx_word' id='word_1_333' title='bbox 633 3458 669 3498; x_wconf 88' lang='lat' dir='ltr'><strong>ea</strong></span> <span class='ocrx_word' id='word_1_334' title='bbox 683 3439 792 3499; x_wconf 90' lang='lat' dir='ltr'><strong>deinde</strong></span> <span class='ocrx_word' id='word_1_335' title='bbox 805 3441 910 3518; x_wconf 81' lang='lat' dir='ltr'><strong>patriae</strong></span> <span class='ocrx_word' id='word_1_336' title='bbox 925 3442 1052 3512; x_wconf 81' lang='lat' dir='ltr'><strong>fortuna,</strong></span> <span class='ocrx_word' id='word_1_337' title='bbox 1063 3463 1154 3521; x_wconf 85' lang='lat' dir='ltr'><strong>quam</strong></span> 
     </span>
     <span class='ocr_line' id='line_1_40' title="bbox 156 3514 1174 3601; baseline 0.01 -30"><span class='ocrx_word' id='word_1_338' title='bbox 156 3514 207 3594; x_wconf 82' lang='lat' dir='ltr'><strong>ipsi</strong></span> <span class='ocrx_word' id='word_1_339' title='bbox 230 3515 379 3578; x_wconf 81' lang='lat' dir='ltr'><strong>iecissent.</strong></span> <span class='ocrx_word' id='word_1_340' title='bbox 420 3518 463 3577; x_wconf 90' lang='lat' dir='ltr'><strong>Ut</strong></span> <span class='ocrx_word' id='word_1_341' title='bbox 477 3516 571 3599; x_wconf 89' lang='lat' dir='ltr'><strong>primo</strong></span> <span class='ocrx_word' id='word_1_342' title='bbox 584 3519 685 3578; x_wconf 84' lang='lat' dir='ltr'><strong>statim</strong></span> <span class='ocrx_word' id='word_1_343' title='bbox 704 3539 849 3580; x_wconf 90' lang='lat' dir='ltr'><strong>concursu</strong></span> <span class='ocrx_word' id='word_1_344' title='bbox 876 3521 1049 3601; x_wconf 83' lang='lat' dir='ltr'><strong>increpuere</strong></span> <span class='ocrx_word' id='word_1_345' title='bbox 1063 3541 1154 3591; x_wconf 89' lang='lat' dir='ltr'><strong>arma,</strong></span> <span class='ocrx_word' id='word_1_346' title='bbox 1171 3557 1174 3562; x_wconf 93' lang='lat'><em>-</em></span> 
     </span>
    </p>
   </div>
   <div class='ocr_carea' id='block_1_3' title="bbox 157 3596 1217 3689">
    <p class='ocr_par' dir='ltr' id='par_1_4' title="bbox 157 3596 1217 3689">
     <span class='ocr_line' id='line_1_41' title="bbox 157 3596 1217 3689; baseline 0.009 -38"><span class='ocrx_word' id='word_1_347' title='bbox 157 3597 357 3674; x_wconf 72' lang='lat' dir='ltr'><strong>mieantesque</strong></span> <span class='ocrx_word' id='word_1_348' title='bbox 371 3599 482 3658; x_wconf 84' lang='lat' dir='ltr'><strong>tuisere</strong></span> <span class='ocrx_word' id='word_1_349' title='bbox 496 3596 598 3679; x_wconf 82' lang='lat' dir='ltr'><strong>gladii,</strong></span> <span class='ocrx_word' id='word_1_350' title='bbox 606 3597 706 3660; x_wconf 90' lang='lat' dir='ltr'><strong>horror</strong></span> <span class='ocrx_word' id='word_1_351' title='bbox 714 3599 819 3680; x_wconf 81' lang='lat' dir='ltr'><strong>ingens</strong></span> <span class='ocrx_word' id='word_1_352' title='bbox 827 3607 998 3680; x_wconf 83' lang='lat' dir='ltr'><strong>spectantes</strong></span> <span class='ocrx_word' id='word_1_353' title='bbox 1012 3602 1154 3682; x_wconf 84' lang='lat' dir='ltr'><strong>perstrin·</strong></span> <span class='ocrx_word' id='word_1_354' title='bbox 1214 3644 1217 3689; x_wconf 55' lang='lat' dir='ltr'><strong>p</strong></span> 
     </span>
    </p>
   </div>
   <div class='ocr_carea' id='block_1_4' title="bbox 159 3673 1216 3843">
    <p class='ocr_par' dir='ltr' id='par_1_5' title="bbox 159 3673 1216 3843">
     <span class='ocr_line' id='line_1_42' title="bbox 159 3673 1216 3777; baseline 0.011 -46"><span class='ocrx_word' id='word_1_355' title='bbox 159 3673 195 3753; x_wconf 66' lang='lat' dir='ltr'><strong>pir</strong></span> <span class='ocrx_word' id='word_1_356' title='bbox 207 3683 265 3767; x_wconf 37' lang='lat' dir='ltr'><strong>aet,</strong></span> <span class='ocrx_word' id='word_1_357' title='bbox 283 3678 387 3768; x_wconf 71' lang='lat' dir='ltr'><strong>neutro</strong></span> <span class='ocrx_word' id='word_1_358' title='bbox 401 3675 544 3770; x_wconf 71' lang='lat' dir='ltr'><strong>inrtinatt</strong></span> <span class='ocrx_word' id='word_1_359' title='bbox 556 3697 618 3758; x_wconf 89' lang='lat' dir='ltr'><strong>spe,</strong></span> <span class='ocrx_word' id='word_1_360' title='bbox 627 3679 828 3754; x_wconf 62' lang='lat' dir='ltr'><strong>torlebatrox</strong></span> <span class='ocrx_word' id='word_1_361' title='bbox 842 3680 1033 3761; x_wconf 83' lang='lat' dir='ltr'><strong>spiritusque.</strong></span> <span class='ocrx_word' id='word_1_362' title='bbox 1073 3683 1156 3742; x_wconf 87' lang='lat' dir='ltr'><strong>Con·</strong></span> <span class='ocrx_word' id='word_1_363' title='bbox 1170 3738 1178 3750; x_wconf 87' lang='grc'><em>,</em></span> <span class='ocrx_word' id='word_1_364' title='bbox 1215 3712 1216 3777; x_wconf 59' lang='lat' dir='ltr'><strong>p</strong></span> 
     </span>
     <span class='ocr_line' id='line_1_43' title="bbox 162 3756 1166 3843; baseline 0.015 -34"><span class='ocrx_word' id='word_1_365' title='bbox 162 3768 244 3816; x_wconf 77' lang='lat' dir='ltr'><strong>sorus</strong></span> <span class='ocrx_word' id='word_1_366' title='bbox 259 3756 370 3818; x_wconf 84' lang='lat' dir='ltr'><strong>deinde</strong></span> <span class='ocrx_word' id='word_1_367' title='bbox 384 3761 527 3828; x_wconf 78' lang='lat' dir='ltr'><strong>manibus,</strong></span> <span class='ocrx_word' id='word_1_368' title='bbox 541 3777 631 3838; x_wconf 90' lang='lat' dir='ltr'><strong>quum</strong></span> <span class='ocrx_word' id='word_1_369' title='bbox 649 3761 713 3841; x_wconf 83' lang='lat' dir='ltr'><strong>jam</strong></span> <span class='ocrx_word' id='word_1_370' title='bbox 727 3777 788 3819; x_wconf 91' lang='lat' dir='ltr'><strong>non</strong></span> <span class='ocrx_word' id='word_1_371' title='bbox 807 3768 905 3822; x_wconf 86' lang='lat' dir='ltr'><strong>motus</strong></span> <span class='ocrx_word' id='word_1_372' title='bbox 919 3764 1037 3823; x_wconf 78' lang='lat' dir='ltr'><strong>tantum</strong></span> <span class='ocrx_word' id='word_1_373' title='bbox 1051 3783 1166 3843; x_wconf 67' lang='lat' dir='ltr'><strong>corpo·</strong></span> 
     </span>
    </p>
   </div>
   <div class='ocr_carea' id='block_1_5' title="bbox 163 3835 1154 3976">
    <p class='ocr_par' dir='ltr' id='par_1_6' title="bbox 163 3835 1154 3976">
     <span class='ocr_line' id='line_1_44' title="bbox 163 3835 1154 3976; baseline 0.008 -80"><span class='ocrx_word' id='word_1_374' title='bbox 163 3849 231 3907; x_wconf 83' lang='lat' dir='ltr'><strong>run,</strong></span> <span class='ocrx_word' id='word_1_375' title='bbox 243 3835 424 3924; x_wconf 76' lang='lat' dir='ltr'><strong>agitatioque</strong></span> <span class='ocrx_word' id='word_1_376' title='bbox 437 3857 548 3976; x_wconf 53' lang='lat' dir='ltr'><strong>aucep&amp;</strong></span> <span class='ocrx_word' id='word_1_377' title='bbox 567 3837 704 3914; x_wconf 54' lang='lat' dir='ltr'><strong>,telorum</strong></span> <span class='ocrx_word' id='word_1_378' title='bbox 722 3857 937 3921; x_wconf 86' lang='lat' dir='ltr'><strong>armorumque,</strong></span> <span class='ocrx_word' id='word_1_379' title='bbox 955 3842 1010 3905; x_wconf 83' lang='lat' dir='ltr'><strong>scd</strong></span> <span class='ocrx_word' id='word_1_380' title='bbox 1031 3843 1154 3906; x_wconf 76' lang='lat' dir='ltr'><strong>vulnero</strong></span> 
     </span>
    </p>
   </div>
   <div class='ocr_carea' id='block_1_6' title="bbox 0 0 1325 4392">
    <p class='ocr_par' dir='ltr' id='par_1_7' title="bbox 0 0 1325 4392">
     <span class='ocr_line' id='line_1_45' title="bbox 0 0 1325 4392; baseline 0 0"><span class='ocrx_word' id='word_1_381' title='bbox 0 0 1325 4392; x_wconf 95' lang='lat' dir='ltr'><strong> </strong></span> 
     </span>
    </p>
   </div>
  </div>
 </body>
</html>
