2634 4392
160 302 219 366 ms
518 362 539 390 Χ
585 297 623 357 u.
638 297 767 359 mvn-

88 459 89 464 ’
164 458 284 526 tilentia
295 453 454 538 inopiaque
466 450 585 536 frugum
599 457 681 526 circa
693 460 732 518 A.
752 455 935 531 Cornelium·
947 457 1102 519 consulem
1115 459 1163 520 tu·

88 603 89 608 ,
165 545 211 605 it:
231 541 305 602 aded
319 543 354 596 ut
366 537 488 616 quidam
503 536 635 610 annales,
649 538 733 598 velut
745 536 962 616 funesti,‚nilril
982 544 1097 618 praeter
1109 559 1163 601 no·

166 623 247 684 mina
260 617 415 680 consulum
431 623 596 700 suggerant.
636 617 760 678 Tertius
773 621 815 677 ab>
831 618 988 677 consulatu
1010 618 1100 686 Cossi
1112 639 1164 680 an·

165 722 221 764 nus
236 699 387 759 tribunum
408 696 792 762 cummilitumconsulari
813 703 962 777 potestate
982 697 1096 770 haben
1116 719 1164 758 eo·

165 784 235 842 dem
248 799 327 839 anno
340 777 511 856 magistrum
526 778 682 860 equitum:
703 797 763 856 quo
782 777 815 836 in
828 777 959 858 'imperio
972 777 1099 838 alteram
1119 778 1163 838 in·

165 861 282 944 signem
295 857 390 917 edidit
402 877 530 938 pugnarn
545 865 715 936 equestrem
729 879 738 928 3
759 877 802 918 eax
814 857 909 917 libera
920 859 1095 938 conjectura
1111 865 1164 918 est.

166 942 228 1003 Sed
253 939 299 1018 (ut
312 956 366 1017 ego
387 937 522 1020 arbitror)
550 943 760 999 vana'versare
779 938 816 996 in
831 957 935 997 omnes
954 936 1111 1018 opiniones
1131 937 1166 998 li·

144 1043 148 1052 ·
165 1029 238 1083 cet:
258 1033 349 1097 quum
371 1023 475 1078 auctor
494 1037 613 1098 pugnae,
637 1018 811 1079 recentibus.
827 1016 929 1098 spoliis
948 1017 982 1076 in
995 1038 1081 1078 sacra
1095 1018 1165 1079 sede
1227 1040 1229 1071 r

163 1100 279 1184 positis,
292 1098 310 1158 J
312 1117 400 1158 ovem.
407 1103 497 1178 propt·
511 1099 617 1178 ipsum,
631 1097 682 1163 cni
694 1105 763 1176 uota
776 1105 870 1168 erant,
883 1097 1106 1177 Romulumque
1117 1099 1163 1157 in-

164 1190 265 1248 tuens,
286 1176 364 1237 haud
378 1179 559 1258 sper-nendos
572 1178 742 1255 falsititnli
762 1184 865 1247 testes,
884 1197 924 1237 se
938 1180 977 1237 A.
991 1177 1166 1238 Cornelium

165 1262 293 1332 Cossum
307 1259 459 1318 consulem
481 1256 642 1338 scripserit.
817 1331 821 1333 Α
1002 1290 1006 1296 -
1032 1291 1037 1296 ·

204 1339 289 1402 XXI.
309 1337 355 1396 M.
376 1338 516 1398 Cornelio
529 1337 750 1418 Maluginense,
773 1337 811 1399 1..
829 1337 951 1418 ,Papirio
963 1337 1077 1401 Crasso
1097 1358 1165 1401 oon·

165 1423 292 1486 sulibus,
319 1417 469 1496 exercitus
488 1417 521 1475 in
534 1437 637 1498 agrum
650 1418 810 1496 Vejentem
831 1438 866 1490 ac
881 1418 1034 1488 Faliscum
1062 1418 1166 1481 ductis

164 1502 276 1584 praedae
297 1498 409 1560 abactae
435 1497 586 1559 hominum
600 1491 824 1576 pecorumque,
844 1497 938 1564 bostis
951 1497 983 1557 in
997 1498 1077 1580 agris
1096 1519 1167 1559 nus·

165 1601 256 1661 quam
276 1573 427 1647 inventus,
454 1595 551 1656 neque
564 1576 718 1658 pugnandi
731 1577 816 1657 copia
835 1577 938 1648 facta;
958 1580 1047 1641 urbes
1066 1583 1167 1639 tamen

165 1679 231 1722 non
248 1659 437 1742 oppugnatae,
461 1657 531 1736 quia
544 1657 718 1739 pestilentia
736 1657 878 1738 populum
898 1657 1020 1718 invasit.
1057 1660 1100 1718 Et
1116 1679 1167 1719 se·

166 1740 295 1802 ditiones
310 1736 390 1799 domi
412 1737 546 1818 questise
562 1744 640 1808 sunt,
666 1744 827 1799 nec‘motae
841 1743 951 1807 tamen,
960 1741 1009 1802 ab
1023 1740 1075 1819 Sp
1087 1739 1169 1800 Mre-

165 1822 208 1882 lio
220 1823 340 1880 tribuno
354 1819 449 1898 plebis
461 1839 469 1888 3
485 1816 551 1896 qui,
571 1817 673 1878 favore
686 1817 823 1878 numnis.
834 1823 983 1878 moturum
998 1838 1031 1884 se
1051 1819 1167 1898 aliquid

166 1907 259 1967 ratus,
286 1905 317 1959 et
327 1897 465 1957 Minucio
478 1897 557 1956 diem
572 1897 698 1964 dixerat,
717 1904 749 1956 et
762 1896 944 1977 rogationem
964 1897 1002 1956 de
1010 1899 1169 1977 publican-

1227 828 1229 897 l

1227 1086 1229 1155 l

167 1981 214 2041 dis
237 1979 321 2038 bonis
336 1975 455 2038 Servilii
468 1976 576 2047 Ahalae
597 1975 729 2035 tulerat:
748 1976 834 2036 falsis
848 1975 1019 2037 criminibus
1032 1979 1052 2037 a
1063 1978 1168 2038 Minu·

169 2059 215 2155 cio
229 2059 465 2150 circumventum
486 2043 790 2165 Maeliunfarguens
811 2057 937 2117 Servilio
963 2057 1082 2150 caedem
1098 2058 1168 2118 ciris
1227 2080 1229 2085 ·

167 2141 336 2202 indemnati
359 2139 502 2216 objiciens
514 2155 522 2205 ;
543 2154 612 2212 quae
636 2155 759 2197 ramora
772 2137 1054 2230 adpopulnmfrpso
1068 2146 1168 2198 ancto-

168 2241 202 2281 re
222 2219 316 2280 fuere.
369 2217 513 2277 Ceterum
539 2213 632 2296 magis
660 2217 704 2275 vis
732 2219 824 2276 morbi
850 2237 882 2276 m
903 2232 1064 2293 rarescens
1090 2239 1164 2280 curae

169 2307 244 2369 erat,
254 2306 442 2375 terroresque
450 2317 496 2388 ao·
507 2295 639 2386 prodigia
651 2315 665 2364 ;.
680 2296 807 2355 maxime
820 2238 902 2375 quod
915 2296 1029 2356 crebris
1043 2297 1167 2375 motibus

169 2388 259 2442 terrae
274 2399 359 2438 ruere
372 2376 404 2436 in
425 2396 503 2456 agris
518 2377 737 2434 nuncrabantur
749 2381 840 2452 tecta.
880 2377 1056 2436 Obsecratio
1068 2376 1166 2456 itaque

171 2459 328 2540 apopulo,
356 2455 520 2516 duumviris
540 2455 752 2534 praeeuntibus,
778 2461 825 2514 ost
847 2454 937 2516 facta.
977 2456 1168 2522 Pestilentior

170 2541 241 2602 inde
255 2553 360 2606 annus,
382 2537 418 2594 (l.
428 2537 444 2596 J
448 2535 508 2598 ulio
527 2534 637 2595 iterum
651 2540 683 2594 et
696 2536 734 2596 L.
747 2533 882 2616 Virginio
902 2535 1085 2606 consulibus,
1104 2543 1168 2596 tan·

170 2629 235 2682 tum
255 2624 367 2678 metum
381 2615 530 2679 vastitatis
553 2615 584 2675 in
605 2617 678 2674 urbe
692 2613 830 2695 agrisque
850 2614 932 2685 fecit,
952 2622 1063 2677 utnon
1083 2617 1169 2677 modb

192 2697 325 2759 raedanrli
341 2701 431 2756 causa
445 2695 602 2774 quisquam
617 2715 653 2754 ex
667 2714 737 2774 agro
760 2695 895 2756 &mano
908 2695 1090 2765 nonexiret,
1110 2696 1170 2756 bel-

170 2721 233 2846 llre
247 2775 394 2835 inferendi
413 2775 554 2836 memorio
575 2773 712 2834 Patribus
731 2779 784 2834 aut
802 2775 883 2854 plebi
905 2781 985 2836 esset
995 2797 1005 2847 ;
1024 2776 1079 2837 sed
1093 2777 1171 2838 ultro

172 2859 342 2924 Fidenates,
355 2854 409 2934 qui
422 2875 454 2914 se
469 2854 564 2934 prirnd
583 2861 636 2914 aut
649 2853 768 2934 oppido,
794 2860 847 2915 aut
859 2856 1021 2926 montibus,
1031 2863 1085 2916 aut
1106 2876 1170 2919 mu.-

171 2940 212 3000 ris
234 2941 402 3004 tenuerant
429 2932 630 3016 populabundi
644 2933 864 2995 descenderent
885 2935 916 2996 in
936 2954 1046 3016 agrum
1065 2938 1170 2996 Roma·

172 3039 242 3080 num
259 3038 267 3088 3
288 3015 406 3084 deinde,
421 3014 591 3095 Vejentium
605 3015 738 3076 exercitu
752 3016 858 3091 accito,
883 3016 963 3094 (nani
979 3015 1091 3077 Falisci
1105 3036 1169 3097 per·

132 3101 134 3106 ’
170 3099 244 3182 pelli
266 3097 304 3158 ad
328 3095 554 3156 instaurandum
576 3095 701 3164 bellum,
727 3115 826 3175 nequo
852 3096 940 3155 clade
962 3097 1172 3164 Romanorum,

126 3213 130 3219 ·
171 3199 271 3270 neque
296 3178 441 3240 sociorum
467 3174 614 3314 precibus,
647 3176 781 3256 potuere)
814 3175 877 3251 duo¹
890 3176 1000 3277 populi
1025 3175 1172 3236 transiere

160 3264 347 3328 ‘Anienemr
367 3265 458 3334 atque
491 3255 549 3315 aud
564 3255 667 3335 procul
681 3254 800 3314 Collina
820 3260 906 3335 porta
930 3275 1015 3337 signa
1033 3257 1172 3316 habuere.

172 3337 369 3416 Trepidatum
383 3337 496 3414 itaque,
522 3353 581 3394 non
605 3334 637 3393 in
650 3337 730 3414 agris
741 3335 847 3416 magis,
860 3336 951 3415 quarn
970 3336 1003 3395 in
1016 3339 1101 3405 urbe,
1114 3344 1171 3397 est.

89 3479 90 3482 ,
172 3418 270 3480 Julius
283 3417 395 3482 ‚consul
408 3415 440 3475 in
454 3433 560 3496 aggere
580 3413 734 3492 murisque
743 3415 880 3495 ,explicat
905 3415 1028 3496 copias;
1064 3418 1082 3476 a
1103 3416 1173 3475 Vir·

171 3499 253 3582 giuio
274 3501 399 3556 senatus
417 3495 448 3554 in
472 3495 537 3558 aede
559 3493 676 3568 Quirini
691 3495 864 3556 consulitur.
903 3495 1091 3565 Dictatorem
1112 3496 1173 3556 dici

173 3584 211 3640 A.
227 3576 385 3638 Servilium
407 3574 514 3654 placet,
535 3575 583 3634 cui
598 3574 704 3634 Prisco
715 3574 776 3646 alii,
797 3575 847 3634 alii
861 3574 983 3638 Structo
994 3576 1088 3636 fnisse
1103 3597 1174 3657 cog·

171 3677 281 3719 nomeu
302 3655 434 3715 tradunt.
475 3654 636 3735 Virginius,
663 3653 733 3713 dum
749 3655 893 3734 collegam
906 3657 1087 3725 consuleret,
1108 3675 1173 3718 mo·

171 3745 265 3805 ratus,
287 3733 477 3815 permittente
498 3753 542 3801 eo,
566 3740 655 3794 nocte
675 3734 849 3798 dictatorem
864 3733 963 3806 dixit3
983 3735 1010 3796 is
1030 3735 1088 3797 sibi
1109 3757 1175 3798 ma·

171 3818 294 3896 gistrum
307 3813 442 3892 equitum
456 3813 632 3873 Postumum
644 3815 798 3874 AEbutium
811 3813 918 3875 Elram
931 3815 1016 3876 dicit.

211 3893 312 3969 XXlI.
333 3893 472 3954 Dictator
492 3913 595 3955 omnes
615 3893 685 3955 luce
710 3893 807 3974 prima
833 3903 917 3956 extra
937 3902 1052 3976 portam
1075 3897 1175 3958 Colli·
