2634 4392
176 337 215 394 os
342 297 422 396 ff
595 313 757 392 annun

176 491 222 574 gis
245 495 348 552 auctor
367 489 504 550 tribunus
518 487 668 559 existeret,
689 494 872 570 occuparent
885 490 990 550 Patres
1014 489 1076 572 ipsi
1089 501 1171 550 suun

177 590 285 632 munus
298 571 418 631 faceret
452 569 603 650 captivum
667 589 717 628 um
731 570 812 651 plebi
826 571 916 650 quim
929 570 1060 631 maxime
1075 589 1172 650 sequa·

181 652 252 711 liter
264 651 393 720 ‹larent3
425 669 529 710 rernm
542 669 618 718 esse,
669 651 739 710 bere
761 669 820 719 eos,
834 671 959 730 quorum
980 648 1128 742 sanguine
1141 667 1171 708 uc

181 732 291 790 sudore
303 735 406 812 partus
420 729 469 790 sit
510 729 673 812 Aspernati
697 731 802 790 Patres
823 737 912 791 sunt:
946 737 1045 824 questi
1060 747 1173 810 quoque

178 811 310 890 quidam,
323 809 416 870 nimii
428 809 523 890 gloria
536 809 687 870 luxuriare
702 817 733 870 et
746 831 924 872 evanescere
934 811 1070 871 viridum
1085 829 1173 888 quon·

176 891 246 952 dam
258 891 339 955 illud
350 889 491 950 Kaesonis
515 887 678 971 ingenium.
718 890 820 964 Nullan
845 891 955 952 11111111
978 893 1104 952 urbanae
1119 889 1174 950 fac·

176 971 274 1032 tiones
288 970 381 1030 fuere.
419 968 613 1030 Verebantur
626 969 848 1032 incursionibus
859 973 1029 1052 AEquorum
1055 968 1157 1030 Latini
1167 985 1175 1038 ;

174 1051 214 1112 'eb
227 1071 296 1111 1111
308 1047 441 1110 exercitu
461 1051 552 1110 Kaeso
570 1049 689 1120 missus,
702 1050 733 1114 in
748 1051 877 1133 ipsorum
892 1053 1064 1131 AEquorum
1078 1067 1174 1131 agrum

177 1130 419 1212 depopulandum
446 1129 564 1190 transit.
626 1131 721 1210 AEqui
749 1131 834 1198 sein
861 1131 970 1212 oppida
991 1135 1176 1222 receperunt,

178 1212 331 1290 murisque
353 1229 386 1271 se
406 1213 568 1271 tenebant:
602 1230 639 1270 eo
662 1211 747 1272 nulla
769 1231 869 1292 pugna
891 1211 1096 1273 memorabilis
1115 1208 1175 1269 fuit.

107 1357 113 1369 ‚
146 1326 148 1333 r
180 1295 224 1353 At
239 1293 257 1351 1
270 1292 398 1370 Vejente
411 1290 496 1351 hoste
511 1290 614 1350 clades
627 1299 752 1370 accepta
775 1291 945 1352 temeritate
970 1291 1098 1353 alterius
1112 1307 1175 1348 corr·

180 1372 274 1442 sulis;
303 1377 463 1449 uotumque
478 1370 516 1428 de
531 1369 666 1430 exercitu
678 1370 765 1446 foret,
779 1371 810 1430 ni
826 1373 865 1430 ll.
879 1372 988 1433 Fabius
1003 1372 1037 1432 in
1051 1378 1112 1431 tem
1148 1385 1175 1426 re

180 1451 312 1512 subsidio
325 1449 466 1510 venisset.
505 1449 553 1511 Ex
567 1469 603 1509 eo
616 1455 750 1530 tempore
764 1471 862 1531 neque
885 1473 944 1533 pax
957 1471 1060 1532 neque
1073 1449 1121 1510 bel
1133 1466 1175 1506 un

181 1551 247 1591 oum
263 1529 440 1610 Vejentibus
453 1528 531 1599 fuit3
564 1549 612 1590 res
626 1531 758 1610 proxime
782 1531 908 1592 somnam
926 1531 1082 1593 latrocinii
1095 1547 1174 1588 vene-

180 1618 236 1672 rat
276 1608 458 1691 Legionibns
480 1609 625 1669 Romanis
639 1611 786 1671 cedebant
798 1612 830 1671 in
843 1615 968 1682 urbsm;
998 1613 1050 1672 ubi
1074 1608 1174 1670 abduc·

180 1700 228 1751 tas
252 1688 609 1771 senserantlegiones,a
664 1691 904 1774 sincursaban't3
933 1692 1048 1751 bellum
1075 1687 1174 1768 quiete,

181 1773 314 1851 quietem
333 1770 413 1829 bello
431 1769 464 1830 in
483 1770 582 1830 vicem
595 1771 763 1831 eudentes.
803 1772 851 1832 Ita
874 1789 973 1850 neque
997 1770 1099 1831 omitti
1121 1772 1174 1826 toto

180 1872 239 1921 res,
253 1871 309 1910 nec
323 1848 428 1929 pertici
440 1855 582 1932 poterat}
610 1856 641 1908 et
653 1850 713 1910 alia
726 1849 805 1909 bella
828 1856 882 1909 aut
901 1851 1067 1929 praesentia
1092 1849 1174 1908 insta·

183 1936 265 1999 bant,
277 1937 312 1987 ut
320 1930 357 1988 ab
363 1929 479 2006 AEquis
498 1927 686 2005 Volscisque,
706 1947 764 1987 non
778 1928 903 1996 diutius,
915 1928 1005 2008 quem
1014 1926 1174 1988 recensio·

181 2011 228 2070 lor
241 2007 383 2091 proximae
399 2006 494 2068 cladis
507 2006 658 2076 banniret
682 2006 923 2086 quiescentibus:
957 2014 1011 2070 aut
1029 2027 1104 2068 mox
1125 2023 1174 2066 mo

184 2099 268 2152 turos
290 2109 322 2148 se
343 2089 504 2228 asparebat
530 2086 655 2147 Sabinos
677 2107 738 2148 sem
778 2109 793 2146 r
816 2087 951 2164 infestos,
973 2089 1176 2164 Etruriamque

185 2190 312 2232 ornnem.
376 2167 413 2228 ed
427 2169 540 2248 Vejens
560 2167 736 2242 hostis,'assi
758 2187 815 2228 uus
838 2167 942 2250 magis,
966 2168 1057 2248 quam
1078 2163 1175 2250 gravis,

186 2249 377 2312 contumeliis
398 2249 520 2330 saepius,
534 2249 624 2328 quam
637 2248 781 2330 periculo,
794 2249 909 2309 animos
922 2248 1073 2330 agitabat=
1108 2241 1176 2326 quod
1218 2275 1219 2278 ¹

186 2333 272 2395 nullo
285 2337 419 2415 ternpore
433 2329 682 2468 negliglfwat'
695 2335 747 2389 aut
760 2329 854 2390 averti
868 2329 927 2388 alib
941 2329 1067 2390 sinebat.
1108 2327 1175 2386 Tun

188 2412 281 2473 Fabia
294 2430 369 2493 gens
382 2416 518 2469 senatum
565 2408 621 2477 iit3
642 2408 746 2468 consul
796 2428 813 2468 o
826 2414 915 2489 gente
928 2407 1079 2488 loquiturr
1099 2417 1117 2445 ⁶‘
1127 2407 1185 2464 ria-¹

191 2495 277 2554 siduo
301 2489 405 2570 magis,
419 2489 510 2566 quam
531 2505 647 2568 magno,
660 2487 748 2569 prasi
770 2487 809 2558 io,
832 2494 868 2548 ut
880 2487 973 2559 scitis,
988 2489 1095 2550 Patres
1118 2503 1176 2545 oon·

192 2571 305 2652 scripti,
329 2569 441 2628 bellum
462 2568 576 2659 Vejens
597 2573 673 2649 eget.
714 2568 778 2629 Vos
797 2567 856 2630 alia
874 2570 953 2630 bella
974 2576 1100 2630 curate:
1132 2565 1176 2650 ¹³¹²:

189 2652 254 2713 bins
273 2651 374 2710 hostes
394 2648 570 2728 Vejentrbus
597 2648 678 2708 date.
718 2650 866 2708 Auctores
891 2667 1002 2720 sumne,
1027 2656 1124 2720 tutam
1148 2642 1177 2700 ibr
1217 2677 1218 2688 1

190 2735 378 2813 majestatem
391 2727 519 2788 Romani
532 2727 661 2787 nominis
674 2726 747 2786 fore.
788 2729 930 2788 Nostrum
952 2728 984 2786 id
998 2729 1085 2802 nobis
1108 2723 1176 2785 velut

191 2811 337 2874 familiare
349 2808 471 2878 bellurn,
483 2807 601 2888 privato
613 2805 733 2886 sumptu
744 2825 845 2888 gerere
858 2808 891 2867 in
903 2807 1003 2868 'animo
1017 2815 1074 2867 est.
1115 2805 1176 2864 nes·

192 2891 313 2977 publiea
336 2893 368 2948 et
390 2886 486 2946 milite
499 2886 563 2946 illic
577 2894 608 2948 et
623 2886 753 2968 pecunie
767 2889 885 2948 vacet’?
927 2886 1040 2947 Gratim
1053 2886 1177 2970 ingentes

195 2980 283 3036 actae.
323 2969 438 3029 Consul
451 2969 468 3026 ὲ
481 2965 564 3027 ouria
577 2987 725 3050 egressus,
749 2969 910 3030 comitante
923 2967 1080 3029 Fabiorum
1100 2980 1179 3045 agnu-

194 3076 245 3124 ne,
259 3051 357 3132 quiin
371 3047 517 3110 uestibulo
539 3049 642 3118 euriae,
663 3049 956 3110 senatusconsultum
977 3049 1179 3127 exspectantes,

165 3199 171 3206 ,
198 3139 354 3201 steterant,
368 3129 487 3191 domurn
495 3127 600 3210 rediit.
640 3129 722 3190 Jussi
735 3130 842 3189 armati
857 3135 975 3208 postero
988 3127 1040 3212 die
1050 3127 1090 3187 ad
1103 3124 1178 3184 lino
1211 3121 1213 3140 '

198 3212 329 3276 consulis
343 3211 457 3280 adesse,
469 3210 573 3270 domos
586 3209 656 3269 inde
670 3203 840 3268 discedunt.
1163 3277 1168 3288 Ι

238 3293 352 3354 XLIX.
372 3293 481 3352 Manat
494 3296 557 3349 1111
570 3292 641 3348 urbe
654 3307 771 3348 rumor:
802 3288 909 3349 Fabios
923 3287 961 3347 ad
975 3287 1083 3348 coelum
1097 3279 1179 3346 laudi·

198 3381 255 3436 bus
268 3374 380 3433 ferunt
420 3368 577 3430 Familiam
590 3387 680 3428 unam
696 3370 812 3430 subisse
826 3367 956 3428 civitatis
969 3387 1063 3452 onus:
1084 3365 1181 3451 vejens
1212 3353 1216 3448 ]

197 3456 310 3519 bellum
323 3453 355 3512 in
367 3451 515 3543 privatam
528 3469 639 3518 curam,
651 3448 684 3508 111
697 3448 814 3528 privata
827 3469 909 3510 arma
921 3467 1051 3508 versum.
1091 3443 1180 3505 Siout

201 3539 268 3598 duae
282 3536 393 3593 r'obons
406 3531 540 3612 ejusdem
554 3530 586 3590 in
598 3532 671 3588 urbe
684 3538 788 3610 gentes
801 3550 809 3598 3
840 3529 1012 3614 deposcant,
1026 3529 1089 3588 haeo
1107 3520 1180 3582 Vols·

202 3637 254 3679 eos
278 3611 409 3682 sibi‚illa
423 3613 560 3689 AEquose
595 3610 705 3692 populo
728 3610 863 3670 Romano
885 3609 1078 3690 tranquillam
1091 3615 1180 3689 puceu

202 3702 318 3779 agente,
331 3710 434 3753 omnes
448 3690 591 3752 finitimos
613 3689 709 3772 subigi
722 3691 846 3770 populos
866 3708 963 3772 posse.
1004 3686 1086 3750 Fabii
1099 3687 1181 3768 poste

202 3801 236 3840 ro
250 3777 300 3835 die
314 3765 396 3833 arma
410 3767 557 3851 capiunt3'
576 3770 636 3849 qub
645 3770 722 3849 jussi
738 3775 832 3840 erant,
845 3764 1035 3834 conveniunt.
1074 3757 1183 3851 Consul,

203 3855 364 3935 paludatus
378 3850 543 3934 egrediens,
556 3849 588 3911 in
600 3851 748 3915 vestibulo
772 3856 891 3933 gentem
915 3853 1032 3924 omnem
1054 3855 1183 3911 1111111·
