2634 4392
175 296 234 355 roa
422 358 433 389 ,
588 292 749 355 nurvu

178 450 266 515 simul
279 454 310 512 et
322 451 355 511 in
365 453 467 513 bostar
475 454 540 535 jam
550 452 686 535 pavidos,
706 451 779 534 quip
799 450 895 512 eluso
916 452 978 511 suae
989 450 1085 533 partis
1097 450 1170 515 vali·

180 530 261 592 diora
285 551 387 602 cornu,
410 532 450 592 im
473 541 554 610 etum
573 531 665 603 facte
686 551 746 593 non
766 470 892 592 aliorum
905 552 940 591 eo
955 532 1060 611 proelio
1079 532 1174 595 uirtus

179 609 272 691 magis
286 611 404 671 enituit.
444 554 558 672 donsul
571 612 728 694 providere
739 612 848 680 omnia,
862 612 987 673 laudare
1002 610 1110 682 sortes,
1130 612 1173 673 in·

180 696 314 771 crepare,
334 690 429 753 sicubi
442 692 559 773 segnior
571 712 673 773 pugna
685 700 774 751 esset.
790 736 794 747 .
814 690 961 772 (instigati
982 690 1104 753 sortium
1119 700 1173 755 sta-

179 769 235 829 tim
245 770 408 831 virorumo
429 792 509 836 aram
523 771 651 846 edebant
663 793 671 843 ;
688 776 868 849 ,tantumque
889 771 944 833 hos
956 771 1067 851 pudor¹
1082 792 1172 850 quan·

178 854 243 909 tum
257 849 331 909 alios
351 793 457 911 landes
470 852 650 912 excitabant.
675 850 906 931 *Redintegrato
928 850 1066 919 clamore,
1090 851 1171 911 undi-

178 949 238 1007 que
259 949 365 990 omnes
387 931 501 1006 connisi
520 930 635 992 bostem
660 936 809 1005 avertunt,
836 950 891 991 nec
912 930 1021 990 deinde
1041 932 1172 993 Romana

179 1008 226 1067 vis
251 1008 391 1069 sustineri
405 1011 510 1090 potuit
549 1010 664 1080 Sabini,
687 1010 747 1069 lusi
766 1009 874 1089 passim
896 1030 1057 1102 peragras,
1082 1020 1173 1073 castra

178 1087 257 1151 hosti
270 1089 309 1149 ad
322 1090 455 1170 praedam
468 1090 663 1169 relinquunt;
683 1089 723 1149 lbi
735 1109 793 1149 nou
806 1088 962 1159 sociorum,
976 1096 1057 1149 sicut
1075 1091 1107 1151 iu
1120 1091 1170 1151 Ala

180 1167 260 1249 gido,
274 1189 331 1237 res,
345 1170 397 1229 sed
412 1189 482 1229 suas
495 1171 658 1238 Romanus,
681 1169 919 1249 populationibus
932 1190 1069 1251 agrorum
1092 1170 1171 1233 arnis·

180 1266 240 1318 sas,
263 1248 379 1328 recipit.
415 1249 547 1309 *Gemina
562 1248 683 1309 victorii
701 1248 814 1307 duobus
828 1247 966 1309 bifariam·
977 1250 1093 1329 praeliis
1131 1270 1171 1309 ar·
1220 1234 1221 1299 l

179 1331 225 1396 td,
244 1327 372 1408 maligni
386 1336 508 1389 senatus
521 1329 551 1387 in
566 1348 658 1389 unum
679 1326 761 1410 diem*
774 1326 1008 1407 supplicationes
1023 1270 1170 1389 consulum

180 1405 301 1467 nomine
325 1408 467 1485 decrevit
507 1408 640 1488 Populus
664 1408 779 1489 injussu
801 1414 832 1465 at
856 1407 950 1468 altero
964 1409 1013 1467 die
1038 1406 1171 1489 frequens

180 1484 217 1545 iit
231 1485 451 1567 supplicatum}
471 1493 502 1547 et
514 1488 577 1547 hoec
591 1508 667 1569 vaga
687 1486 901 1567 popularisque-
912 1488 1096 1569 supplicatio
1118 1495 1172 1547 stu·

180 1564 239 1624 diis
253 1567 343 1646 prope
357 1567 532 1627 celebratior
551 1567 617 1627 luit.
642 1605 646 1610 -
658 1566 814 1635 Consules,
827 1586 864 1625 ex
879 1568 1053 1645 composito,
1078 1569 1172 1627 eudeur

180 1644 271 1705 biduo
291 1645 329 1705 ad
343 1649 453 1707 'urbem
474 1666 637 1722 accessere,
661 1654 856 1725 senatumque
872 1646 907 1705 in
931 1646 1080 1721 Martium
1103 1668 1172 1707 cam·

180 1743 251 1805 pum
264 1725 451 1799 'evocavere3
470 1728 522 1787 ubi
534 1748 625 1807 quum
637 1727 677 1787 de
699 1730 785 1789 rebus
811 1729 847 1787 ob
875 1744 906 1785 se
933 1729 1025 1807 gestis
1049 1732 1172 1809 agerent,

182 1805 282 1884 questi
303 1807 446 1885 primores
468 1808 600 1877 Patrum,
625 1808 761 1867 senatum
778 1806 857 1865 inter
869 1806 979 1876 milites
991 1806 1171 1888 deditbope·

181 1892 217 1943 ra
230 1886 353 1943 terroris
366 1894 456 1945 causa
472 1886 592 1956 haberi;
612 1887 714 1964 itaque
733 1886 805 1945 inde
819 1886 963 1953 consules,
983 1906 1022 1945 nu
1037 1886 1171 1945 crimina·

181 1962 256 2023 tioni
271 1964 353 2023 locus
367 1974 455 2033 esset,
468 1965 501 2023 in
520 1972 604 2045 prata
627 1963 796 2034 Flaminia,
807 1964 857 2023 ubi
873 1986 950 2025 nunc
965 1964 1046 2025 aerles
1062 1964 1172 2047 Apolli·

181 2042 230 2105 nis
243 2050 299 2112 est,
327 2043 402 2122 (anu
424 2052 486 2105 tum
503 2046 708 2125 Apollinarem
730 2042 1109 2127 appellabant)'avocauere
1135 2065 1174 2107 sor

181 2129 295 2184 natum.
337 2066 395 2184 ilbi
406 2143 497 2203 quum
521 2127 636 2207 ingenti
645 2124 943 2206 'consensufll'atrum
955 2130 1116 2205 negaretur
1127 2124 1172 2183 tri-

112 2244 117 2251 ·
181 2205 320 2283 umplrus,
346 2206 381 2264 L.
396 2206 499 2269 lcilius
511 2204 755 2285 tribunusplebis
777 2204 847 2263 tulit
859 2204 895 2264 ad
911 2205 1054 2285 populum
1076 2204 1115 2265 de
1128 2202 1173 2262 tri-

182 2284 292 2423 umpho
311 2286 475 2355 consulum,
493 2281 601 2346 'multis
621 2286 790 2345 dissuasum
811 2284 1033 2363 prodeuntibus,
1053 2284 1172 2344 maximi

97 2438 98 2441 Ἴ
184 2364 221 2423 C.
248 2364 363 2423 claudio
374 2364 565 2434 vociferante,
579 2377 597 2402 ‘⁸
608 2366 656 2423 De
668 2364 816 2431 Patribus,
830 2382 888 2423 nion
902 2363 939 2423 de
954 2362 1098 2434 hostibus,
1112 2382 1172 2423 con·

183 2444 263 2503 sulas
284 2444 464 2522 triumphare
491 2445 590 2514 velle3
610 2442 793 2583 qratiamque
815 2463 867 2521 pro
886 2442 1003 2525 privato
1023 2444 1129 2503 merito
1146 2444 1172 2501 in

135 2559 137 2562 v
183 2521 344 2591 tribunum,
358 2542 416 2583 non
430 2544 483 2603 pru
497 2524 607 2592 virtute
639 2542 770 2592 onorem,
790 2522 872 2603 peti3
893 2540 1046 2602 nunquam
1060 2520 1174 2583 antbda

97 2660 98 2663 ,
182 2601 332 2688 triumpho
352 2623 407 2681 per
426 2606 566 2683 populum
581 2607 698 2671 'actum
718 2622 837 2685 semper
857 2601 1084 2667 aestimationem
1106 2602 1173 2661 arbi·

183 2682 333 2758 triumque
348 2684 411 2760 ejus
425 2684 544 2743 honoris
563 2702 655 2763 penes
680 2680 814 2747 senatum
830 2680 944 2753 luissa3
963 2700 1002 2741 nc
1016 2676 1102 2763 reges
1115 2680 1173 2760 qui·

181 2759 253 2819 'dem
267 2768 452 2839 majestatem
472 2762 585 2821 summi
601 2760 714 2821 ordinis
740 2757 941 2830 imminuisse3
962 2780 1000 2820 na
1022 2762 1065 2821 ita
1085 2758 1174 2821 omnia

183 2838 296 2900 tribuni
315 2840 472 2931 potestatis
492 2860 556 2902 suae
571 2839 737 2921 inrplerent
760 2844 796 2899 ut
809 2839 924 2899 nullum
938 2840 1091 2921 publicum
1112 2858 1174 2899 con-

185 2919 285 2979 silium
306 2933 440 2980 sinerent
459 2940 534 2981 esse.
573 2920 622 2981 lta
644 2921 765 2980 demum
788 2918 909 2980 liberam
936 2918 1091 2987 civitatem
1111 2920 1174 2987 lore,

184 2998 228 3060 ita
242 3007 375 3079 aequatus
388 3000 479 3082 leges,
502 3007 529 3060 si
544 3018 598 3061 sua
611 2999 738 3080 quisquc
754 3002 824 3080 jura
838 2998 918 3069 ordo,
939 3018 1023 3059 suam
1045 3004 1175 3093 majena-

184 3085 246 3140 tem
258 3082 391 3141 teneat.’'
432 3080 468 3141 In
481 3082 608 3142 eandem
622 3080 799 3141 sententium
821 3082 913 3139 multa
925 3086 955 3139 et
977 3079 993 3138 d
1008 3086 1116 3139 cetens
1135 3096 1175 3137 sc·

186 3160 319 3222 uioribus
343 3161 466 3221 Patrurn
477 3180 573 3241 quum
593 3168 695 3221 essent
708 3160 798 3227 dicta,
825 3178 927 3219 omnes
947 3159 1043 3219 tribus
1058 3177 1120 3220 earo
1135 3178 1176 3217 ro·

185 3241 333 3319 gationem
356 3246 547 3321 acceperunt.
587 3241 667 3300 Tum
679 3238 826 3319 primum,
852 3236 916 3303 sinc
936 3239 1115 3301 auctoritate
1134 3256 1176 3297 se·

185 3324 287 3387 natus,
299 3320 401 3460 pppuli
409 3321 496 3400 jussu
509 3319 720 3399 triumphatum
734 3324 790 3377 est.

230 3399 287 3457 LX
363 3401 441 3462 llaea
454 3398 579 3478 victoria
590 3398 773 3459 tribunorum
787 3394 942 3493 plebisque
956 3400 1046 3479 propi
1060 3397 1091 3457 in
1104 3394 1178 3456 haud

187 3480 336 3541 salubrem
349 3479 497 3548 luxdriam
511 3478 609 3548 vertit,
632 3478 852 3559 conspiratrone
872 3477 951 3537 inter
971 3478 1106 3537 tribunos
1119 3476 1178 3535 lac-

186 3564 231 3631 tt,
244 3566 280 3619 nt'
291 3558 383 3618 iidem'
394 3559 507 3623 tribuni
520 3559 722 3627 reficerentur,
749 3564 789 3629 et,
803 3580 861 3638 quo
881 3578 935 3621 sua
947 3557 1047 3617 minus
1068 3552 1179 3636 cupidi·

187 3648 237 3701 tas
254 3638 407 3707 emineret,
426 3638 595 3723 consulilprs
608 3658 726 3718 quoque
740 3638 948 3699 continuarent
967 3636 1179 3775 mpetratum.

190 3724 377 3783 consensum
391 3719 514 3778 Patrum
528 3722 735 3786 causabantur,
749 3737 808 3797 quo
818 3738 871 3799 per
885 3724 1023 3777 conturne
1036 3716 1096 3775 ium
1111 3726 1179 3773 con·

191 3802 289 3863 sulum
303 3802 375 3878 jura
393 3796 488 3878 plebis
501 3796 649 3856 labefacta
662 3806 771 3859 esseut.
809 3795 916 3872 “Quid
940 3796 1083 3863 futorum,
1106 3810 1179 3852 non·

190 3880 262 3939 dun
274 3876 535 3959 firmatislegibus,
560 3875 589 3939 si
609 3896 701 3939 novos
720 3876 855 3940 tribunos
874 3896 931 3959 per
948 3875 1092 3939 factiones
1112 3888 1180 3939 suu
