2634 4392
544 293 732 360 elenen.
1100 295 1138 356 99

149 459 258 518 ‘strete
269 451 391 536 agmine
403 452 486 514 ridet
496 472 506 525 ;
539 460 682 536 acceptus
695 453 726 514 in
749 451 889 524 medium,
903 453 987 535 signa
1007 450 1079 512 ferri
1088 453 1144 531 ju*v

154 537 204 596 bet.
242 535 406 614 Nunquam
425 531 575 596 exercitus
598 555 697 613 neque
711 532 806 593 minor
820 553 952 605 numero,
965 552 1063 611 neque
1078 531 1142 592 clau

154 613 205 674 rior
228 615 309 676 lame
334 623 367 676 et
387 613 580 676 admiratione
608 615 769 685 bominum,
797 634 850 694 per
879 616 982 674 urbem
1007 611 1148 675 incessit..

154 696 206 755 Sex
228 703 259 755 et
271 695 400 770 trecenti
411 695 534 765 milites,
547 715 649 757 omnes
674 692 800 775 patricii,
812 713 916 754 omnes
931 690 1018 752 unius
1031 691 1140 773 gentis,

153 795 270 853 quorem
300 775 449 838 neminem
479 775 587 836 ducem
613 781 769 867 sperneret
797 773 931 864 egregius
960 770 1142 850 quibuslibet

153 855 324 935 temporibus
337 862 469 923 senatus,
482 855 573 926 ibant,
586 874 676 919 unius
689 853 812 916 familiae
827 854 938 916 viribus
953 851 1073 930 Vejenti
1088 871 1142 931 po·
1214 879 1216 894 τ

153 934 217 1014 pule
234 941 350 1016 pestem
377 934 558 994 minitantes.
610 935 797 1012 Sequebatur
823 936 919 1001 turba,
939 931 1058 1012 propria
1084 930 1144 992 alia

154 1021 335 1095 segnatomm
346 1014 565 1091 sodaliumque,
579 1012 652 1072 nihil
676 1013 816 1082 medium,
830 1032 886 1072 nec
902 1033 995 1091 spem,
1007 1031 1064 1070 nec
1089 1029 1144 1070 cu·

152 1112 218 1164 ram,
232 1094 286 1156 sed
299 1094 446 1155 immensa
464 1093 563 1153 omnia
579 1092 761 1154 volventium
784 1093 901 1162 animo;
934 1091 993 1152 alia
1014 1090 1143 1170 publica,

152 1173 347 1234 sollieitudine
360 1174 502 1242 excitata,
514 1173 615 1234 fanore
635 1179 667 1232 et
687 1172 882 1234 admiratione
897 1176 1040 1252 stupens;
1070 1169 1144 1230 “ire

151 1251 246 1324 fortes.
259 1254 303 1314 ire
314 1254 443 1315 delices”
458 1255 577 1334 jubent,
602 1252 759 1333 “inceptis
779 1259 904 1312 eventus
927 1271 1013 1342 pares
1034 1249 1143 1310 redde-

151 1351 197 1392 re:
218 1335 391 1394 consulatus
403 1334 474 1394 inde
488 1353 523 1393 ac
536 1333 710 1414 triumphos,
725 1333 823 1396 omnia
857 1351 960 1392 raemm
974 1333 1010 1392 ab
1025 1350 1066 1398 se,
1081 1350 1143 1389 om·

151 1430 199 1471 nes
212 1414 342 1474 bonores
364 1414 513 1496 sperare.”
554 1413 812 1476 Praetereuntibus
833 1354 1015 1492 Capitolium
1029 1429 1144 1470 arcem·

151 1511 207 1570 qne
226 1498 258 1552 et
271 1493 329 1554 alia
352 1494 472 1575 templa,
486 1492 631 1572 quicquid
645 1496 777 1556 Deorum
801 1493 906 1561 oculis,
920 1489 1065 1572 quicquid
1080 1489 1145 1549 ani-

113 1591 117 1598 ’
150 1591 194 1630 nro
207 1572 348 1642 occurrit,
361 1575 532 1666 precantur,
545 1581 579 1633 ut
592 1572 670 1633 illud
685 1593 790 1653 agmen
811 1572 944 1634 faustum
966 1577 1057 1650 atque
1071 1568 1145 1632 felix

150 1651 277 1721 mittant,
291 1661 419 1733 sospites
440 1653 526 1712 brevi
549 1652 582 1712 in
644 1652 733 1712 triam
757 1651 796 1712 ad
821 1659 961 1732 parentes
975 1649 1145 1710 restituant.

151 1729 303 1793 Incassum
324 1733 428 1796 missae
452 1752 566 1811 preces.
606 1675 727 1792 idlelici
750 1731 800 1788 vis
821 1731 927 1789 dextro
948 1731 1025 1789 Jano
1049 1735 1145 1808 portae
1215 1793 1216 1796 ,

152 1811 348 1874 Carmentalis
368 1811 556 1892 profecti‚ad
576 1811 748 1870 Cremeram
762 1807 874 1872 flumen
888 1809 1085 1888 perveniunt3
1119 1808 1146 1868 is
1215 1843 1216 1894 3

150 1898 330 1971 opportunus
341 1891 423 1948 visus
437 1893 520 1948 locus
534 1889 767 1966 communiendo
778 1887 929 1970 praesidio.
969 1890 1006 1948 L.
1047 1887 1147 1950 AEmi·

150 1969 204 2027 lius
215 1967 289 2028 inde
303 1974 335 2028 et
346 1968 381 2028 C.
396 1967 540 2028 Servilius
550 1969 689 2029 consules
704 1969 776 2030 lacti
784 1989 793 2040 3
815 1975 854 2038 et,
868 1968 963 2028 donec
975 1967 1049 2028 nihil
1064 1967 1146 2028 aliud

102 2116 114 2132 W
151 2049 238 2124 quim
262 2047 293 2107 in
317 2047 557 2128 populationibus
581 2069 628 2108 res
651 2049 718 2118 fuir,
732 2069 792 2109 non
816 2049 854 2108 ad
869 2048 1043 2128 praesidium
1058 2047 1147 2108 modi>

150 2127 307 2187 tutandum
332 2126 413 2185 Fabii
429 2127 503 2185 satis
525 2127 699 2196 erantsssed
712 2133 778 2188 tota
799 2128 928 2206 regione,
941 2134 1003 2207 qut
1025 2128 1145 2188 Tuscus
1214 2197 1215 2206 χ

149 2225 217 2286 ager
231 2207 366 2266 Romano
379 2206 507 2284 adjacet,
521 2220 575 2267 sua
599 2208 664 2265 t'uta
677 2205 784 2278 omnia,
808 2206 918 2266 infesta
940 2206 1079 2277 hostium,
1094 2227 1147 2268 va-

151 2294 253 2345 rantes
281 2305 335 2365 per
353 2291 515 2364 utrumque
539 2285 639 2354 finem,
663 2284 772 2344 fecere.
813 2285 1010 2346 Intervallum
1037 2285 1148 2348 deinde

150 2333 225 2425 laud
241 2385 380 2445 magnum
394 2365 634 2445 populationibus
646 2364 723 2426 fuit:
753 2365 824 2424 dum
839 2373 869 2424 et
883 2366 1036 2446 Vejentes,
1050 2365 1147 2430 accito
1214 2389 1215 2392 ¹

151 2465 185 2504 ex
207 2445 330 2506 Etruria
353 2445 497 2514 exercitu,
520 2445 693 2526 praesidium
717 2445 868 2505 Cremerae
890 2452 1064 2526 oppugnant
1071 2465 1081 2516 3
1116 2455 1148 2506 et

153 2525 292 2588 Romane
307 2524 449 2616 legiones,
460 2527 497 2584 ab
510 2527 547 2584 L.
566 2524 692 2588 AEmilio
709 2526 831 2585 consule
847 2525 998 2594 adductae,
1012 2523 1147 2586 cominus
1214 2557 1215 2596 ς

153 2625 216 2665 aum
226 2608 365 2666 Etruscis
378 2604 524 2666 dimicent
536 2604 622 2675 acie3
641 2625 814 2684 quanquam
828 2604 878 2664 vix
892 2605 1040 2686 dirigendi
1051 2606 1148 2666 aciem

152 2687 277 2766 spatium
302 2686 479 2765 Vejentibus
499 2685 577 2755 fuit3
611 2685 688 2746 adeb
717 2685 796 2746 inter
819 2685 944 2765 primam
972 2685 1148 2765 trepidatio·

153 2784 225 2837 nem,
239 2766 311 2835 dum
380 2764 497 2844 teigne
506 2766 630 2836 ordines
651 2765 816 2834 introtrmt,
831 2763 1022 2844 subsidiaque
1037 2767 1148 2835 locant,
1214 2765 1215 2772 ’

152 2843 267 2906 inrecta
291 2863 325 2901 su
345 2842 388 2900 ito
401 2845 438 2902 ab
461 2844 554 2920 latere
578 2844 714 2903 Romana
736 2864 751 2903 e
774 2844 870 2904 ultum
891 2845 948 2913 ala,
962 2865 1022 2904 non
1036 2865 1146 2925 pugnae

154 2924 235 2982 modd
259 2920 454 3000 incipiendae,
468 2922 520 2982 sed
534 2922 727 2991 consistendi,
741 2865 853 2984 ademit
867 2925 974 2984 locum.
1015 2924 1072 2993 Ita,
1087 2920 1147 2983 fusi

153 3005 227 3062 retro
246 3000 285 3062 ad
301 3019 373 3062 saxa
387 2999 497 3069 Rubra,
512 3001 564 3079 (ibi
586 3009 684 3061 rastra
697 3003 853 3083 habebant)
877 3024 980 3084 pacem
996 3003 1147 3082 supplices

153 3090 271 3161 petunt3
301 3081 390 3160 cujus
401 3078 578 3160 impetratae,
591 3083 628 3140 ab
640 3079 737 3142 insita.
745 3083 852 3144 animis
862 3083 995 3151 levitate,
1008 3091 1079 3143 ante
1093 3083 1146 3146 de·

155 3161 274 3222 ductam
286 3162 426 3221 Cremera
445 3161 611 3221 Romnum
623 3160 806 3242 praesidium,
816 3162 966 3242 poenituit
979 3223 981 3230 ,

191 3243 227 3300 L.
243 3243 361 3301 Rursus
374 3260 443 3300 cnm
456 3241 555 3311 Fabiis
569 3248 636 3302 erat
648 3237 768 3322 VeJ'enti
781 3243 900 3322 populo,
918 3243 983 3303 sine
1007 3243 1069 3304 ullo
1083 3263 1146 3305 ma»

152 3321 222 3401 jonis
233 3320 306 3380 belli
318 3330 472 3402 apparatu,
485 3327 652 3383 certamen:
683 3341 739 3381 nec
753 3331 840 3382 erant
861 3322 1045 3383 incursiones
1059 3324 1147 3394 modia

154 3399 181 3456 ln
204 3419 299 3480 agros,
318 3407 371 3461 aut
394 3400 483 3460 subiti
510 3400 638 3481 impetus
663 3401 889 3472 incursantium,
912 3402 964 3463 sed
987 3403 1146 3482 aliquoties

156 3499 238 3618 „sepo
250 3499 354 3559 canapo
366 3480 544 3560 collatisque
557 3480 649 3563 signis
664 3488 830 3554 certatum
863 3501 997 3564 gensque
1019 3504 1079 3543 una
1094 3504 1146 3563 po-

156 3559 215 3635 pui
241 3560 368 3620 Romani
394 3580 475 3640 saepe
502 3580 539 3622 ex
565 3562 801 3645 opulentissima,
828 3570 863 3622 ut
886 3569 950 3624 tum
974 3583 1022 3622 res
1050 3569 1145 3636 erant,

156 3637 280 3700 semea
297 3639 415 3700 civitate
439 3641 593 3702 victoriam
617 3641 697 3701 tulit.
739 3642 773 3702 ld
787 3642 883 3734 primd
896 3645 1034 3704 acerbum
1047 3641 1146 3722 indig-

157 3735 283 3800 numque
294 3719 472 3799 ⁸Vejentibus
486 3721 598 3791 visum3
628 3721 699 3782 inde
714 3723 869 3791 consilium
884 3743 920 3791 ex
934 3727 1084 3782 renatum
1098 3721 1144 3782 in·

158 3795 236 3862 sidiis
247 3799 379 3864 ferocem
391 3800 507 3870 bostem
520 3801 660 3888 captandi
671 3822 678 3861 ι
712 3803 842 3888 gaudere
855 3802 954 3874 etam,
967 3803 1062 3866 multo
1075 3821 1143 3876 suc.-
