2634 4392
192 262 253 332 146
362 317 366 319 ἡ
613 268 653 331 Τ.
667 268 775 334 mvn

192 429 266 501 acri,
289 434 321 492 et
339 447 394 511 pro
413 447 504 492 causa
515 427 612 511 plebis
624 435 757 513 expertae
771 427 901 491 virtutis.
940 426 1028 509 Hanc
1042 426 1170 511 virginera

194 510 337 580 adultam,
356 510 452 570 formt
467 511 675 583 excellentem,
696 509 823 591 Appius,
843 529 943 570 amore
955 509 1070 581 ardens,
1090 508 1172 588 'pretio

194 610 231 652 ac
245 612 297 671 spe
310 591 453 671 pellicere
471 591 604 660 adortus,
614 596 770 671 postquam
785 590 884 651 omnia
897 589 1010 671 pudore
1031 594 1109 668 septa
1121 587 1172 647 ani·

108 695 109 748 q
193 674 406 740 madvertcrat,
429 671 466 730 ad
488 670 640 731 crudelem
662 672 879 751 superbamque
900 670 962 729 vim
977 668 1103 729 animum
1115 686 1172 727 con·

194 750 296 811 vertit.
335 751 382 811 M.
403 749 531 811 Claudio
551 749 655 810 clienti
668 750 818 832 negotium
833 748 928 819 dedit,
951 755 985 808 ut
998 746 1172 828 virginemiu

193 830 370 891 servitutem
391 836 546 899 assereret,
572 850 671 910 neque
698 829 819 891 coderet
839 828 1005 891 secundum
1025 828 1173 887 libertatem

193 910 415 1003 postulantibus
438 908 604 971 vindicias:
625 909 705 990 quid
720 915 806 990 pater
824 908 938 1003 puellae·
954 908 1077 977 abesset,
1092 906 1173 966 locum

195 990 315 1071 mjuriae
330 1009 396 1049 csse
406 993 499 1066 ratus.
529 988 666 1071 ,Virgini
679 988 813 1051 venienti
826 1008 858 1049 rn
873 987 980 1071 forum,
1002 987 1051 1069 (ibi
1065 987 1173 1063 namqte

107 1074 112 1130 ζ
194 1070 229 1132 in
242 1071 374 1131 tabernis
397 1068 550 1132 literarum
561 1069 628 1129 ludi
648 1069 745 1151 erant)
767 1068 904 1151 ministr
923 1064 1173 1129 decemuirilibidi·

196 1150 245 1212 nis
255 1170 377 1211 manum
390 1148 515 1232 injecit3
535 1157 621 1210 serva
643 1154 698 1227 snut
712 1090 1018 1229 natam'·(seitamque
1032 1142 1172 1227 appellans)

197 1250 287 1302 csse;
319 1229 463 1309 sequique
484 1233 516 1289 se'
531 1231 665 1309 jubebat,
700 1232 892 1288 cunctantem
920 1228 951 1287 vi
972 1231 1173 1289 abstractumn.

195 1311 313 1375 Pavids
327 1310 428 1391 puelli
442 1310 650 1389 stupentmad
665 1304 824 1368 clamorem
841 1306 983 1377 fnutricis,
996 1306 1083 1367 lidum
1096 1301 1173 1377 Quiri·

197 1390 275 1452 tium
284 1388 480 1469 implorantis
491 1389 708 1469 lit-concursus.
729 1386 856 1469 Virginii
866 1386 963 1468 patris
970 1385 1120 1467 sponsique
1129 1380 1173 1440 lci-

107 1488 109 1492 ’
198 1471 233 1534 lii
253 1470 395 1563 populare
408 1488 515 1530 nomen
530 1468 718 1539 celebratum
738 1476 825 1529 notos
858 1466 934 1528 ratia
949 1486 1061 1535 eorum,
1082 1464 1171 1545 turbam

197 1542 361 1632 indignitas
382 1545 424 1607 rei
438 1546 544 1629 virgini
558 1547 710 1616 conciliat.
749 1548 816 1609 lam
839 1546 901 1606 avi
915 1556 982 1627 tuta
1003 1546 1085 1614 aiat3
1102 1560 1172 1620 quum

199 1632 328 1694 assertor
352 1626 426 1687 nihil
440 1648 514 1712 opus
533 1647 599 1688 esse
620 1626 812 1688 multitudiue
833 1626 984 1687 concitata
1007 1626 1057 1694 ait,
1082 1622 1172 1699 sajus

198 1708 337 1791 grassari,
349 1711 411 1768 non
424 1707 464 1768 vi.
503 1708 600 1768 Vocat
610 1708 743 1787 puellam
754 1708 786 1765 in
795 1708 846 1787 jus
858 1728 866 1776 ;
887 1705 1067 1772 auctoribus,
1080 1704 1125 1781 qui
1136 1700 1172 1758 ad·

199 1796 294 1858 eraut,
315 1794 351 1849 ut
368 1795 554 1880 sequeretur.
601 1787 653 1849 Ad
675 1788 801 1859 tribunal
820 1786 912 1867 Appii
939 1792 1109 1878 perventum
1127 1784 1172 1843 esti

200 1880 301 1936 notam
321 1868 419 1947 judici
431 1868 562 1930 fibulam
578 1867 697 1946 petitor,
721 1867 831 1957 quippe
846 1866 926 1947 apud
941 1884 1035 1946 ipsum
1050 1868 1173 1923 auctorem

201 1946 377 2031 argumenti,
397 1946 531 2027 peragit3
551 1946 693 2025 puellam,
705 1946 863 2026 dotm'suae
878 1954 988 2015 natam,
1001 1944 1133 2019 furtoque
1143 1938 1174 1995 iss-

201 2030 240 2093 de
255 2028 285 2086 in
299 2029 420 2087 domum
434 2024 561 2106 virginii
575 2025 760 2093 translatam
774 2024 957 2105 suppositam
969 2024 996 2085 ei
1006 2041 1080 2083 esse.
1117 2016 1144 2077 ld
1153 2030 1173 2073 st

201 2108 314 2172 indicio
327 2114 512 2185 compertum
523 2105 637 2179 aliems,
658 2106 909 2185 probaturumque
923 2105 972 2165 rel
992 2104 1055 2183 ipso
1068 2094 1175 2184 Virgiub

197 2189 312 2274 judice,
325 2186 365 2250 ad
378 2207 468 2264 quem
481 2188 575 2266 major
588 2205 656 2263 pars
668 2185 787 2265 injuriae
802 2186 867 2265 ejus
881 2186 1040 2265 pertineat.
1077 2181 1174 2239 luteum

203 2271 354 2330 domiuum
379 2264 465 2358 sequi
485 2265 635 2334 artoldum,
661 2264 780 2344 aequum
795 2285 870 2325 asse.
913 2260 1062 2325 Advocati
1082 2255 1174 2339 puella.

203 2370 296 2433 quum
317 2348 485 2432 Virginrum
506 2345 679 2426 reipublicae
694 2352 785 2404 causi
811 2342 959 2403 dixissent
979 2344 1088 2407 abesse,
1109 2332 1175 2394 bidsst

205 2430 388 2499 adfuturum,
402 2426 427 2487 si
440 2425 614 2489 nunciatum
628 2426 658 2484 ei
670 2425 709 2483 sit
723 2443 733 2495 ς
753 2424 887 2501 iniquum
903 2443 980 2492 esse,
1002 2428 1139 2483 absentem
1150 2410 1176 2467 tlt

204 2510 306 2575 liberis
317 2506 480 2575 dimicare3
500 2506 663 2643 postulant.
688 2512 722 2565 ut
743 2522 805 2563 rem
819 2501 968 2595 integram
989 2504 1020 2563 in
1039 2496 1123 2583 patris
1139 2488 1175 2549 ad·

205 2599 329 2650 rentum
343 2585 480 2654 differam
513 2605 566 2665 ege
590 2585 626 2647 ab
646 2583 711 2667 ipso
730 2584 793 2644 lata
814 2582 963 2645 vindicias
977 2587 1029 2642 det
1043 2572 1175 2663 secuudum

204 2668 372 2734 libertatem
387 2685 402 2736 3,
424 2684 482 2727 nau
509 2664 651 2745 patiatur,
676 2663 822 2743 virginem
844 2662 980 2727 adultam
1005 2663 1176 2735 famnpms

207 2750 298 2831 qussm
312 2742 466 2812 libertatis,
479 2743 644 2823 periculum
658 2741 751 2805 adire.
869 2771 871 2773 ·

249 2826 345 2892 XLV.
365 2822 483 2963 Appius
496 2824 618 2884 decreto
637 2820 793 2902 paulatus,
813 2831 831 2861 “
843 2823 932 2901 quim
946 2819 1077 2885 libertati
1088 2806 1176 2877 faverit,

193 2935 195 2937 ’
208 2928 275 2975 aaut
288 2907 382 2988 ipsam
408 2923 491 2983 egem
510 2902 673 2973 declarare,
684 2922 773 2980 quam
787 2901 915 2987 Virginii
930 2903 1018 2966 antici
1034 2888 1175 2981 postulatio·

208 2989 243 3055 ni
253 3008 314 3048 sure
325 2983 523 3066 praenndant
563 2981 706 3049 Ceterdm
720 2981 764 3045 ita
776 2982 807 3043 in
823 3004 858 3043 ea
870 2984 989 3044 firmum
1004 2974 1122 3042 libertati
1134 2969 1176 3059 sort

210 3066 393 3153 praesidium,
406 3063 431 3123 si
445 3083 500 3143 nco
515 3062 622 3131 causis,
642 3082 699 3125 nac
713 3062 847 3142 personis
859 3072 962 3123 variet.
1003 3064 1038 3122 Iu
1053 3060 1095 3118 lus
1113 3064 1177 3134 enin,

212 3166 282 3231 qnae
303 3152 474 3208 asserantur
485 3143 517 3203 in
532 3142 709 3210 libertatem,
730 3140 799 3220 quia
815 3143 913 3219 quivis
927 3142 992 3223 lege
1006 3158 1089 3223 agere
1102 3129 1179 3213 putul

211 3228 246 3292 id
260 3226 339 3307 juris
354 3244 436 3289 esset
457 3223 488 3287 iu
502 3243 546 3291 aa,
560 3243 630 3301 quac
644 3222 677 3282 in
690 3221 784 3301 patris
805 3240 892 3284 manu
908 3222 957 3291 sit,
981 3218 1179 3281 nominentur

213 3308 317 3377 alium,
335 3306 386 3387 ‘cui
405 3303 543 3368 dominus
556 3301 743 3382 possessione
757 3299 854 3361 cedat.
895 3302 1019 3361 Placere
1042 3299 1133 3372 itaque
1144 3302 1181 3363 pt·

207 3394 290 3455 bem
305 3383 437 3454 arcessi3
457 3382 570 3445 interea
584 3382 662 3462 juris
677 3380 881 3459 suijacturam
894 3386 1066 3443 assertorem
1082 3361 1181 3459 nouit·

214 3489 293 3535 cere.
317 3464 390 3544 quin
411 3464 503 3523 ducat
521 3459 652 3541 puellam
673 3460 896 3541 sistendamque
916 3461 946 3522 in
961 3459 1114 3523 adventum
1127 3457 1182 3527 qua

214 3547 268 3639 qui
288 3553 372 3627 pater
391 3544 519 3610 dicatur,
545 3541 730 3622 promittat.”
772 3540 926 3603 Adversus
945 3536 1078 3621 injuriam
1093 3531 1183 3589 decret

215 3648 308 3713 quum
323 3624 410 3702 multi
423 3621 516 3702 magis
529 3621 699 3688 fremerent.
712 3622 801 3697 quim
816 3620 972 3700 qnisquam
983 3637 1058 3681 uuus
1071 3615 1183 3693 recusare

216 3710 361 3776 auderem
382 3704 416 3769 1³,
429 3700 627 3769 Numitorius,
640 3701 750 3781 puellae
767 3700 931 3765 avunculus
945 3707 976 3761 et
988 3709 1108 3778 sponsus
1121 3680 1183 3774 lull·

215 3808 253 3856 us
273 3783 496 3851 interveniuntr
517 3780 646 3859 dataque
661 3780 740 3841 inter
759 3784 875 3840 turbam
890 3778 950 3849 vit,
970 3796 1057 3859 quum
1073 3770 1183 3831 multitu·

216 3866 256 3934 do
276 3863 356 3929 Icilii
374 3861 503 3927 maxime
523 3859 696 3925 interventu
716 3858 815 3923 resisti
835 3878 922 3945 posse
947 3856 1043 3944 Appio
1062 3840 1187 3914 credaut
