2634 4392
93 151 617 172 VW-····‘V'⁷v·”
647 153 655 156 -
678 151 698 160 .--
739 153 756 156 -ι
870 153 882 158 η
904 153 912 156 ¹-
944 153 947 156 .
1046 151 1085 159 ..-

544 319 745 386 urrann.
1085 324 1144 389 rar
1223 302 1225 317 ¹

147 445 272 566 excepit.
312 483 527 564 Assurgentern
540 477 582 544 ibi
596 480 1009 564 regemurnbonaresupinat,
1031 470 1161 563 repen·
1223 548 1224 555 χ

147 572 268 646 tumque
282 563 391 643 saepius
405 563 528 643 cuspide
542 563 706 624 adferrem
719 561 813 623 affixit
826 581 837 631 ς
855 570 919 621 tum
933 563 1075 644 exsangui
1088 563 1143 623 de·
1223 606 1224 643 ,

147 643 241 706 tracta
265 643 381 726 spolier
402 649 550 724 caputque
576 643 739 706 abscissum
763 641 862 702 victor
888 641 1003 723 spiculo
1025 662 1143 724 gerens,
1223 694 1224 701 ,

146 729 257 784 terrere
272 723 345 784 caesi
359 723 439 803 regis
451 723 549 784 hostes
561 721 671 782 fundit.
711 722 761 782 Ita
784 721 918 800 equitum
936 742 1056 801 quoque
1074 723 1143 784 fusa

145 804 233 873 acies,
257 823 325 882 quae
341 823 401 862 una
414 803 527 870 fecerat
540 819 652 882 anceps
666 808 828 863 certamen.
868 801 1006 862 Dictator
1017 802 1143 882 legioni-
1223 868 1224 873 1

145 883 243 942 busfu
264 882 322 942 atis
334 882 437 952 instat,
461 883 550 942 etad
573 888 671 942 castra
688 881 859 960 ⁴compulsos
873 878 972 941 caedit
1013 881 1142 944 Fidena-
1223 924 1224 931 κ

144 961 217 1022 tium
230 904 352 1054 pdurimi
375 961 506 1023 locurum
521 960 633 1035 ,notitia
654 960 783 1042 effugere
802 960 834 1023 in
854 965 979 1021 montes.
1020 960 1144 1034 Cossus,
1223 988 1224 991 ¹

144 1041 275 1104 Tiberim
301 1063 368 1104 cum
389 1043 524 1121 equitatu
538 1046 736 1111 transuectus,
759 1054 809 1099 ex.
820 1059 891 1120 agro
904 1041 1071 1120 Vejentano
1090 1042 1138 1102 in·
1223 1072 1224 1081 κ

142 1130 261 1204 gentem
281 1121 391 1182 detulit
410 1122 544 1203 praedam
563 1121 603 1182 ad
623 1123 735 1182 urbem.
774 1120 860 1180 Inter
885 1119 1025 1200 praelium
1051 1127 1082 1183 et
1102 1121 1142 1184 ad
1223 1120 1224 1125 ’

143 1207 241 1262 castre
254 1203 389 1262 Romana
401 1209 567 1282 pugnatum
579 1205 627 1262 est
639 1200 784 1262 adversus
797 1204 910 1280 partem
922 1200 1083 1280 copiarum,
1103 1205 1141 1262 ab
1223 1218 1224 1277 3

142 1281 311 1352 Tolumnio,
335 1287 373 1341 ut
389 1281 587 1344 antedictum
601 1287 657 1349 est,
684 1279 723 1342 ad
744 1286 842 1340 castra
861 1279 991 1340 missam.
1031 1280 1142 1343 Fabiua
1223 1308 1224 1363 p

142 1360 308 1424 Vibulanus
322 1368 431 1422 curent
443 1361 573 1440 primum
586 1359 700 1423 vallum
713 1359 866 1420 defendit:
879 1360 1010 1421 intentos
1031 1361 1140 1423 deinde

139 1440 242 1501 hostes
255 1442 287 1502 in
300 1441 422 1510 vallum,
435 1455 571 1522 egressus
585 1441 692 1500 dextra
705 1437 873 1520 principali,
887 1459 955 1500 cum
968 1439 1079 1501 triariis
1091 1461 1142 1503 re·
1193 1498 1194 1501 ,
1223 1498 1224 1505 ,

139 1521 232 1602 penti
246 1519 361 1586 invadit
374 1537 384 1590 3
404 1539 462 1599 quo
475 1539 593 1601 pavore
605 1519 727 1600 injecto,
746 1520 844 1580 caedes
858 1519 961 1594 minor,
981 1520 1053 1599 quia
1065 1541 1141 1602 pau·
1223 1560 1224 1595 ³

140 1601 237 1661 eiures
251 1607 337 1660 erant
348 1621 358 1671 3
371 1599 448 1681 fuga
461 1619 521 1661 nen
534 1600 633 1662 minda
647 1599 773 1680 trepida,
787 1600 877 1678 quim
890 1600 922 1659 in
934 1599 1010 1670 acie,
1024 1600 1090 1661 fuit.
1223 1632 1224 1683 j

179 1681 247 1740 XX.
268 1680 413 1740 Omnibus
433 1679 507 1742 locis
527 1699 562 1739 re
580 1683 656 1743 bene
676 1685 770 1760 gesta,
797 1678 926 1740 dictator
945 1686 1141 1743 senatuscom

140 1760 221 1820 sulto
231 1761 380 1839 jussuque
401 1758 503 1840 populi
515 1757 703 1840 triumphans
723 1757 755 1818 in
774 1757 996 1898 mmssstffist·
1036 1761 1140 1843 Longe

139 1839 302 1900 maximum
322 1837 463 1918 triumphi
483 1839 688 1919 spectaculum
708 1837 767 1899 fuit
787 1838 882 1898 Oossu
900 1884 908 1909 ,
927 1839 1023 1920 spolia
1041 1839 1140 1922 opima

139 1919 219 1996 regis
239 1917 391 1994 interfecti
404 1937 530 2000 gerens:
550 1917 582 1978 in
603 1939 671 1980 eum
691 1917 803 1979 milites
824 1918 954 1980 carmina
968 1919 1139 1994 incondita,
1223 1932 1224 1939 ’

138 2003 296 2078 aequantas
310 2017 378 2059 eum
393 1999 528 2068 Romulo,
541 2005 669 2068 canere·
700 1998 804 2078 Spolia
821 1998 853 2057 in
872 2000 938 2059 aede
951 2000 1034 2060 Jovis
1048 2002 1140 2062 llere·
1223 2028 1224 2031 ¹

137 2079 191 2138 trii
204 2097 297 2160 prope
309 2078 428 2138 Romuli
442 2079 546 2156 spolia,
570 2098 646 2158 que,
667 2077 763 2159 prima
775 2077 882 2170 Opima
895 2080 1054 2160 appellata,
1074 2081 1139 2141 sola

137 2163 177 2216 eat
198 2155 378 2236 tempestate
394 2164 489 2232 erant,
514 2177 581 2216 cum
605 2157 721 2218 solenni
741 2157 931 2219 dedicatione
951 2159 1029 2219 dono
1049 2159 1140 2233 tixit3

137 2241 349 2314 averteratque
361 2235 394 2296 in
414 2255 446 2298 se
461 2237 478 2296 d
492 2255 581 2298 curru
594 2236 751 2301 dictatoris
765 2237 873 2298 civium
887 2257 947 2306 ora,
971 2245 1002 2301 et
1016 2238 1140 2308 celebri-
1223 2272 1224 2311 2

137 2316 211 2376 tatis
235 2315 300 2394 ejus
313 2314 374 2376 diei
387 2315 518 2376 finctum
531 2317 622 2397 prope
637 2317 718 2378 solus
738 2317 858 2379 tulerat
880 2333 883 2339 ·
897 2318 1035 2381 Dictator
1055 2341 1140 2380 coro·
1223 2314 1224 2341 ¹

137 2414 207 2457 nam
222 2415 343 2456 auream
356 2395 460 2458 libram
474 2397 573 2478 pondo
585 2417 628 2457 en
637 2397 759 2489 publica
771 2396 906 2476 pecunia,
927 2396 1031 2478 populi
1039 2400 1140 2478 jussu,

136 2473 167 2534 in
188 2474 339 2556 Capitolio
353 2475 421 2538 Jovi
444 2475 554 2537 donum
567 2482 677 2558 posurt.
717 2477 828 2537 Omnes
848 2483 918 2538 aute
930 2497 979 2538 me
1000 2483 1137 2541 auctores
1223 2478 1224 2519 l

137 2561 270 2625 secutus,
293 2557 333 2614 A.
346 2555 519 2618 Cornelium
534 2557 662 2618 Cossum
684 2555 837 2618 tribunum
857 2557 984 2619 rnilitum
1006 2559 1139 2622 secunda
1223 2604 1224 2621 ,

137 2634 235 2717 spolia
248 2634 347 2715 opima
359 2635 442 2695 lovis
455 2635 580 2696 lleretrii
593 2635 706 2716 templu
719 2635 866 2706 intulisse,
889 2639 1012 2718 exposui
1026 2659 1036 2708 ;
1056 2644 1139 2700 cete-
1223 2642 1224 2691 i

136 2733 211 2784 rum,
237 2713 529 2797 praeterquamquod
544 2735 580 2776 ea
592 2716 649 2777 rite
663 2714 761 2796 opima
780 2716 876 2797 spolia
888 2717 1042 2789 habentur,
1066 2740 1137 2799 quae
1223 2708 1224 2763 Ὗ

137 2793 197 2854 dux
210 2793 284 2854 duci
298 2794 450 2866 detraxit3
471 2816 527 2856 nec
548 2795 656 2856 ducem
680 2796 833 2866 novimus,¹
849 2796 908 2857 uisi
928 2795 1019 2879 cujus
1038 2800 1139 2881 auspi·
1223 2818 1224 2867 ἢ

137 2873 180 2933 cio
193 2874 308 2936 bellum
322 2874 435 2954 geritur
449 2893 458 2945 3
477 2874 583 2934 titulus
597 2876 673 2956 ipse,
686 2875 789 2956 spoliis
801 2877 894 2937 inseri
916 2883 974 2947 tus,
994 2878 1062 2939 illos
1075 2901 1140 2942 me·
1223 2900 1224 2917 ¹

137 2973 195 3030 que
209 2952 320 3034 arguit,
348 2953 497 3012 consulem
519 2973 555 3014 ea
568 2955 696 3014 Cossum
716 2956 858 3034 cepisse·
881 2898 950 3016 Idae
970 2978 1024 3037 ego
1044 2973 1138 3036 quum
1223 2990 1224 3003 κ

138 3035 311 3126 Augustum
332 3031 491 3100 Caesarem,
520 3033 699 3170 templorum
720 3035 850 3109 omnium
877 3036 1060 3097 conditorem
1086 3045 1139 3100 aut

137 3118 349 3181 restitutorem,
369 3112 535 3193 ingressum
554 3133 579 3172 ae
603 3132 650 3172 em
672 3112 798 3187 Feretrii
817 3114 910 3185 iovis,
933 3134 1023 3194 quam
1036 3123 1138 3178 vetris·
1223 3182 1224 3185 ,

137 3199 201 3254 tute
222 3192 367 3273 dilapsam
379 3191 495 3262 refecit,
522 3192 666 3273 seipsum
685 3190 720 3254 in'
736 3191 858 3253 tborace
877 3194 971 3254 linteo
994 3196 1138 3278 scriptum

137 3271 247 3350 legisse
261 3267 416 3334 audissem
425 3293 435 3344 ;
456 3292 547 3354 prope
567 3272 755 3354 sacrilegium
766 3280 849 3334 ratus
863 3293 939 3344 sum,
953 3275 1047 3336 Cosso
1068 3297 1136 3358 spo·

136 3351 245 3410 limum
259 3372 376 3412 suorum
391 3353 553 3422 Caesarem,
564 3351 658 3434 ipsius
672 3354 777 3434 templi
789 3359 950 3424 auctorem,
964 3358 1137 3419 subtrahere
1223 3382 1224 3385 ¹

140 3437 248 3490 testem
260 3452 269 3502 ;
288 3432 340 3512 qui
354 3433 381 3493 si
400 3453 436 3494 ea
450 3432 481 3492 in
494 3453 527 3492 re
541 3433 581 3492 sit
592 3454 684 3502 error,
704 3436 785 3512 quod
798 3439 860 3494 tam
873 3442 989 3495 veteres
1003 3438 1137 3511 annales,

139 3511 280 3590 quodque
292 3515 514 3593 magistratuum
528 3509 606 3582 libri,
625 3530 700 3591 quos
720 3513 830 3574 linteos
850 3513 883 3574 in
905 3514 971 3576 aede
992 3517 1137 3597 repositos

138 3591 402 3652 Monetae-Macer
428 3591 564 3654 Licinius
588 3592 662 3653 citat
687 3592 852 3655 identidem
876 3601 1023 3665 auctores,
1058 3616 1136 3658 nono

140 3677 208 3807 pust
227 3671 346 3732 demum
366 3691 443 3732 anno
470 3691 537 3732 cum
559 3672 596 3730 T.
618 3671 758 3746 Quinctio
778 3675 882 3735 Penne
901 3677 940 3734 A.
961 3677 1135 3737 Ormelium

167 3769 265 3811 ossum
286 3753 437 3812 consulem
457 3751 595 3821 habeant,
616 3752 795 3814 existimatio
814 3754 979 3815 cummunis
1000 3755 1135 3818 omnibus

139 3835 209 3899 est3
229 3831 402 3892 nemetiam
424 3831 500 3892 illud
514 3831 641 3900 accedit,
665 3851 703 3891 ne
724 3839 785 3893 tam
799 3835 882 3894 clara
894 3854 994 3915 pugna
1014 3835 1044 3894 in
1066 3857 1134 3900 eura

140 3927 247 3972 annum
260 3911 416 3974 transferri
429 3916 539 3994 posset,
558 3909 638 3994 quod
651 3911 771 3976 imbelle
784 3912 944 3979 triennium
959 3913 1052 3979 ferme
1064 3935 1132 3999 pes·
