2634 4392
547 261 678 352 amna
694 289 766 397 rr,
1013 240 1020 245 ’
1078 293 1143 368 ,aas

146 446 305 532 caparam
319 435 392 522 aa,
406 449 576 532 capranna
590 447 983 519 consoranensium,
997 448 1047 510 aar
1062 451 1143 510 sora

145 551 179 590 ca
188 529 338 611 provincia
349 533 499 600 evenerat,
508 529 580 590 nihil
592 530 716 612 dignum
728 536 893 590 memoratu
907 535 1006 591 actum
1018 549 1028 601 3
1048 548 1143 610 quum

144 610 288 692 trepidam
302 611 421 672 tantdm
434 609 637 682 ostendissent
650 610 746 670 aciem
759 609 864 690 AEqui
884 610 966 690 turpi
980 609 1051 749 fugat
1072 608 1143 669 fuu-

146 691 263 761 duntur,
276 690 356 750 haud
370 708 476 772 magno
490 689 758 761 consulisdecore3
778 689 881 828 itaque
902 694 1012 770 triump
1032 708 1069 752 us
1088 709 1143 750 ne·

142 777 237 851 gatur.
278 770 421 831 Cetcrdm
435 772 470 830 ob
485 769 708 852 Sempronianae
726 768 823 832 eladis
846 774 964 830 cretam
985 769 1144 852 ignomini-

140 871 197 920 am,
217 856 252 910 ut
272 869 364 911 ovans
378 852 480 910 urbem
499 849 634 920 intraret,
655 867 832 910 concessum
846 856 901 912 est.
941 849 1143 924 Quemadmo-

141 931 212 990 dum
224 929 337 992 bellum
350 930 473 999 minore,
485 931 576 1010 qudm
596 929 768 999 timuerant,
781 928 974 991 dimicatione
995 936 1061 991 erat
1073 950 1142 1010 per-

140 1011 261 1079 fectum,
275 1009 319 1070 sic
332 1009 365 1070 in
379 1013 451 1072 urbe
466 1030 502 1070 en
515 1009 680 1090 tranquillo
693 1008 872 1087 necopinata
885 1009 980 1070 moles
994 1009 1142 1070 discordi-

142 1110 227 1152 arum
240 1088 320 1150 inter
334 1090 450 1170 plebem
464 1110 500 1152 ac
514 1091 620 1150 Patres
634 1087 737 1150 exorta
751 1094 806 1159 est,
819 1095 921 1171 coepta
935 1091 972 1150 ab
985 1089 1142 1170 duplican-

140 1170 177 1230 do
191 1185 377 1250 quaestorum
390 1189 535 1240 numero;
556 1189 646 1262 quam
660 1189 733 1238 rem,
758 1169 813 1261 (ut,
827 1173 938 1250 praetor
964 1170 1040 1230 duos
1054 1171 1143 1230 urba·

139 1270 191 1312 nos
203 1257 376 1329 quaestores,
390 1249 450 1310 duo
464 1250 636 1310 consulibus
650 1249 689 1310 ad
704 1248 871 1309 ministeria
883 1249 955 1309 belli
969 1256 1080 1332 proesto
1093 1270 1141 1310 es·

139 1329 217 1411 sent)
235 1330 252 1388 at
266 1328 438 1391 oonsulibus
451 1330 587 1400 relatam,
614 1349 708 1422 quom
722 1329 878 1398 et'Patres,
887 1336 1004 1389 summa
1017 1349 1074 1411 ope
1087 1350 1142 1414 ap·

138 1412 325 1490 probassent,
337 1407 507 1470 consulibus
518 1409 629 1470 tribunt
639 1409 734 1490 plebis
743 1414 896 1470 certamen
905 1408 1083 1480 intulerunt,
1106 1417 1142 1472 ut

137 1507 210 1570 pars
231 1495 411 1566 quaestorum
434 1487 512 1570 (nam
535 1489 575 1550 ad
595 1488 626 1546 id
647 1494 765 1569 tempus
785 1489 903 1569 patricii
925 1490 1019 1551 creati
1039 1493 1139 1574 erant)

135 1589 174 1628 ex
189 1568 277 1648 plebe
290 1565 384 1629 fieret.
425 1567 582 1630 Adversus
595 1588 686 1706 quam
699 1569 848 1630 actionem
868 1570 967 1651 primo
986 1576 1018 1631 et
1031 1591 1141 1631 cousu-

137 1649 183 1708 les
198 1645 230 1710 et
245 1647 351 1708 Patres
371 1650 488 1708 summat
500 1668 555 1728 ope
576 1669 593 1706 a
616 1648 675 1708 uisi
695 1655 785 1708 suut:
806 1649 998 1710 concedendo
1019 1649 1140 1722 deinde,

135 1733 177 1796 ut,
193 1727 444 1806 quemadmodum
457 1726 489 1788 in
516 1725 643 1788 tribunis
657 1725 807 1788 consulari
826 1735 978 1810 potestate
998 1731 1137 1792 creandis

135 1807 181 1866 usi
204 1811 284 1876 sunt,
313 1806 437 1886 adaque
457 1806 488 1866 in
509 1808 708 1886 quaestoribus
728 1808 854 1870 liberum
881 1815 965 1870 esset
981 1811 1138 1873 arbitrium

136 1886 249 1970 populi,
276 1907 368 1966 quum
395 1886 711 1970 parumproficcrcot,
741 1894 836 1950 totam
856 1908 920 1948 rem
941 1889 979 1950 de
1000 1892 1138 1983 augendo

135 1973 318 2046 quaestorum
338 1985 461 2028 numero
482 1967 633 2044 omittunt.
672 1967 837 2050 Excipiunt
857 1969 996 2031 omissam
1016 1973 1138 2047 tribuni,

136 2046 265 2124 aliaeque
280 2045 414 2116 subinde,
435 2047 515 2108 inter
528 2067 603 2126 quas
617 2052 648 2107 et
661 2048 785 2128 agrariae
803 2049 885 2130 legis,
900 2050 1047 2111 seditiosae
1062 2054 1139 2114 acti·

133 2145 212 2185 ones
226 2122 377 2184 esistunt:
410 2132 531 2206 propter
573 2146 626 2186 uos
637 2133 735 2187 motus
749 2149 840 2208 quum
851 2136 974 2192 senatus
989 2133 1147 2202 consules,-

134 2204 229 2284 quaim
243 2202 387 2274 tribunos
409 2205 504 2266 creari
518 2147 630 2286 mdilet
644 2227 742 2286 neque
765 2218 867 2288 posset
880 2229 934 2290 per
946 2210 1136 2273 intercessio·
1179 2202 1186 2228 ¹

133 2303 190 2346 nes
202 2283 378 2345 tribunicias
399 2287 692 2346 senatusconsultum
707 2287 791 2360 beria
812 2289 981 2370 respublica
995 2291 1014 2350 ai
1028 2311 1137 2352 consu·

135 2365 215 2426 libus
239 2363 278 2424 ad
290 2364 502 2448 interregnum,
523 2387 621 2446 neque
643 2366 674 2426 id
688 2366 784 2460 ipsura
800 2368 880 2450 (narn
894 2369 974 2429 coire
994 2371 1137 2450 patricios

134 2443 246 2504 tribuni
268 2445 468 2526 prohibebant)
491 2445 556 2506 sine
581 2454 743 2510 certamine
764 2449 888 2532 ingenti,
909 2449 996 2521 redit.
1037 2451 1135 2524 Quum

134 2543 205 2604 pars
219 2527 314 2604 major
333 2523 519 2604 insequentis
533 2527 604 2586 anui
618 2548 671 2606 per
681 2548 773 2588 novos
787 2528 920 2590 tribunos
954 2528 1014 2589 lebi
1035 2538 1066 2590 et
1079 2532 1135 2592 ali·

133 2609 207 2683 quot
219 2606 384 2686 interreges
398 2604 610 2666 certaminibus
624 2612 759 2667 orbacis
772 2614 860 2678 esset,
874 2551 963 2669 modia
976 2610 1134 2691 probiben-

133 2685 213 2744 tibus
225 2683 352 2744 tribunis
366 2683 507 2765 patricios
519 2685 598 2746 coire
612 2686 650 2746 ad
662 2687 848 2768 prodendum
862 2689 1051 2772 interregem,
1061 2713 1135 2762 ,mo-

133 2764 171 2823 dd
184 2764 367 2845 interregem
382 2765 442 2825 inte
481 2766 649 2837 clientibus,
670 2787 708 2828 ne
723 2771 1015 2831 senatusconsultum
1030 2773 1068 2832 de
1083 2794 1134 2832 co-

132 2843 225 2904 mitiis
239 2844 444 2904 consularibus
472 2854 592 2916 acerct3
613 2849 764 2927 postremo
785 2847 821 2908 L.
836 2850 973 2930 Papirius
988 2852 1134 2932 Mugilla·

132 2941 200 2994 nus,
242 2921 358 2982 roditus
369 2922 511 2991 interrex,
532 2924 706 3004 castigando
720 2947 799 2987 nuno
815 2930 929 2998 Patres,
944 2951 1024 2989 nunc
1039 2933 1133 2992 tribu·

131 3023 186 3064 nos
212 2943 338 3083 pilebi,'“
350 2999 500 3060 desertam
520 3003 719 3080 omissamque
732 3009 769 3064 ab
792 3007 959 3069 bominibus
972 3011 1133 3090 rempubli-

132 3103 208 3150 cam,
230 3079 361 3140 De'orum
382 3079 570 3220 providentii
585 3089 927 3166 curaque'cxceptam,”
951 3094 1132 3151 memorabat

130 3174 147 3204 ⁴¹
159 3159 335 3242 Vejentibus
349 3160 380 3220 iu
405 3159 479 3222 neiis
493 3168 525 3222 et
539 3164 731 3223 cunctatione
751 3165 921 3244 AEquorum
935 3175 1024 3229 stare.
1065 3171 1131 3230 Un-

96 3279 97 3292 ,
131 3241 169 3300 de
186 3243 212 3298 si
227 3238 298 3318 quid
309 3239 451 3321 increpet
464 3243 593 3312 terroris,
605 3243 670 3303 sine
684 3243 809 3324 patricio
822 3267 850 3306 m
891 3248 996 3308 'stratu
1011 3249 1133 3330 placere
1169 3304 1176 3310 .

130 3317 344 3400 rempublicam
356 3319 485 3402 opprimi
497 3323 509 3382 t
534 3342 593 3384 non
607 3325 782 3404 exercitum,
796 3267 977 3388 nonupucem
998 3330 1128 3393 scriben-

129 3400 167 3459 do
182 3397 330 3459 exercitui
343 3401 433 3460 esse?
454 3422 492 3462 an
504 3403 583 3464 bello
602 3401 744 3466 intestino
758 3407 868 3467 bellum
884 3414 1040 3472 externum
1059 3433 1129 3492 pro·
1206 3448 1211 3456 ·

128 3478 322 3616 pulsaturosl
342 3501 411 3559 quae
428 3479 499 3541 siin
519 3503 611 3545 unum
630 3485 819 3560 conveniant,
839 3487 891 3548 vix
909 3489 1042 3553 Deorum
1064 3493 1129 3573 opi·
1159 3559 1163 3562 ,

150 3579 193 3627 us,
207 3556 281 3638 quin
295 3561 436 3621 obruatur
450 3561 585 3624 Romana
598 3584 656 3634 res,
670 3565 777 3626 resisti
787 3587 872 3647 posse
883 3590 892 3640 ;
903 3569 987 3648 ‚quin
1001 3570 1056 3640 illi,
1079 3593 1129 3632 re-

132 3638 276 3698 mittendo
290 3638 329 3698 de
353 3660 469 3702 summa
483 3643 610 3734 quisque
629 3646 719 3721 juris,
741 3647 847 3708 mediis
868 3650 1044 3730 copularent
1057 3661 1129 3712 dou·

132 3719 283 3778 cordiam:
304 3719 418 3791 Patres,
441 3723 869 3802 patiendotribunosrnilitum
889 3731 1127 3810 proconsulibus

131 3796 212 3858 ficri:
232 3799 343 3859 tribuni
358 3799 460 3880 plebis,
480 3822 539 3864 noa
559 3803 783 3876 intercedendo,
803 3828 862 3888 quo
880 3809 979 3872 minds
1000 3819 1127 3892 quatuor

130 3884 295 3956 quaestores
316 3880 483 3960 promiscue
504 3884 543 3945 de
564 3883 699 3968 plebeae
720 3887 858 3952 Patribus
878 3887 972 3956 libero
991 3894 1133 3979 suffragia

133 3958 233 4039 populi
246 3959 387 4022 fierent.”
660 3966 681 4025 S
