<?xml version="1.0" encoding="UTF-8"?>
<!DOCTYPE html PUBLIC "-//W3C//DTD XHTML 1.0 Transitional//EN"
    "http://www.w3.org/TR/xhtml1/DTD/xhtml1-transitional.dtd">
<html xmlns="http://www.w3.org/1999/xhtml" xml:lang="en" lang="en">
 <head>
  <title>
</title>
<meta http-equiv="Content-Type" content="text/html;charset=utf-8" />
  <meta name='ocr-system' content='tesseract 3.04.00' />
  <meta name='ocr-capabilities' content='ocr_page ocr_carea ocr_par ocr_line ocrx_word'/>
</head>
<body>
  <div class='ocr_page' id='page_1' title='image "./titiliviipatavi02livygoog_0014.png"; bbox 0 0 2634 4392; ppageno 0'>
   <div class='ocr_carea' id='block_1_1' title="bbox 177 213 743 319">
    <p class='ocr_par' dir='ltr' id='par_1_1' title="bbox 177 213 743 319">
     <span class='ocr_line' id='line_1_1' title="bbox 177 213 743 319; baseline 0 -15"><span class='ocrx_word' id='word_1_1' title='bbox 177 213 200 304; x_wconf 72' lang='lat' dir='ltr'>a?</span> <span class='ocrx_word' id='word_1_2' title='bbox 568 241 619 319; x_wconf 72' lang='lat' dir='ltr'>a.</span> <span class='ocrx_word' id='word_1_3' title='bbox 633 243 743 304; x_wconf 80' lang='lat' dir='ltr'>mvn</span> 
     </span>
    </p>
   </div>
   <div class='ocr_carea' id='block_1_2' title="bbox 157 402 1234 3850">
    <p class='ocr_par' dir='ltr' id='par_1_2' title="bbox 157 402 1234 3285">
     <span class='ocr_line' id='line_1_2' title="bbox 176 402 1172 486; baseline -0.002 -22"><span class='ocrx_word' id='word_1_4' title='bbox 176 403 251 486; x_wconf 85' lang='lat' dir='ltr'>erat)</span> <span class='ocrx_word' id='word_1_5' title='bbox 265 422 314 463; x_wconf 84' lang='lat' dir='ltr'>res</span> <span class='ocrx_word' id='word_1_6' title='bbox 325 402 436 464; x_wconf 83' lang='lat' dir='ltr'>Latina</span> <span class='ocrx_word' id='word_1_7' title='bbox 449 407 480 462; x_wconf 88' lang='lat' dir='ltr'>et</span> <span class='ocrx_word' id='word_1_8' title='bbox 490 421 612 484; x_wconf 74' lang='lat' dir='ltr'>reginum</span> <span class='ocrx_word' id='word_1_9' title='bbox 627 403 740 464; x_wconf 85' lang='lat' dir='ltr'>avitam</span> <span class='ocrx_word' id='word_1_10' title='bbox 755 410 971 484; x_wconf 85' lang='lat' dir='ltr'>paternumque</span> <span class='ocrx_word' id='word_1_11' title='bbox 984 422 1090 483; x_wconf 86' lang='lat' dir='ltr'>puero</span> <span class='ocrx_word' id='word_1_12' title='bbox 1104 407 1172 463; x_wconf 88' lang='lat' dir='ltr'>ste·</span> 
     </span>
     <span class='ocr_line' id='line_1_3' title="bbox 175 482 1174 564; baseline -0.002 -18"><span class='ocrx_word' id='word_1_13' title='bbox 175 483 221 546; x_wconf 85' lang='lat' dir='ltr'>tit.</span> <span class='ocrx_word' id='word_1_14' title='bbox 263 484 352 542; x_wconf 88' lang='lat' dir='ltr'>Haud</span> <span class='ocrx_word' id='word_1_15' title='bbox 368 483 439 543; x_wconf 89' lang='lat' dir='ltr'>nibil</span> <span class='ocrx_word' id='word_1_16' title='bbox 453 482 596 564; x_wconf 76' lang='lat' dir='ltr'>ambigam</span> <span class='ocrx_word' id='word_1_17' title='bbox 612 483 691 564; x_wconf 85' lang='lat' dir='ltr'>(quis</span> <span class='ocrx_word' id='word_1_18' title='bbox 701 483 784 559; x_wconf 84' lang='lat' dir='ltr'>enirn</span> <span class='ocrx_word' id='word_1_19' title='bbox 797 506 859 544; x_wconf 91' lang='lat' dir='ltr'>rem</span> <span class='ocrx_word' id='word_1_20' title='bbox 872 492 933 544; x_wconf 87' lang='lat' dir='ltr'>tam</span> <span class='ocrx_word' id='word_1_21' title='bbox 954 492 1099 544; x_wconf 86' lang='lat' dir='ltr'>veterem</span> <span class='ocrx_word' id='word_1_22' title='bbox 1112 503 1174 562; x_wconf 91' lang='lat' dir='ltr'>pro</span> 
     </span>
     <span class='ocr_line' id='line_1_4' title="bbox 175 557 1173 702; baseline 0.002 -80"><span class='ocrx_word' id='word_1_23' title='bbox 175 575 257 623; x_wconf 87' lang='lat' dir='ltr'>certo</span> <span class='ocrx_word' id='word_1_24' title='bbox 271 557 428 702; x_wconf 70' lang='lat' dir='ltr'>affirmetly</span> <span class='ocrx_word' id='word_1_25' title='bbox 444 562 558 623; x_wconf 84' lang='lat' dir='ltr'>hiccine</span> <span class='ocrx_word' id='word_1_26' title='bbox 573 561 663 624; x_wconf 84' lang='lat' dir='ltr'>fuerit</span> <span class='ocrx_word' id='word_1_27' title='bbox 674 565 833 633; x_wconf 85' lang='lat' dir='ltr'>Ascanius,</span> <span class='ocrx_word' id='word_1_28' title='bbox 843 574 882 625; x_wconf 85' lang='lat' dir='ltr'>an</span> <span class='ocrx_word' id='word_1_29' title='bbox 894 565 1098 646; x_wconf 69' lang='lat' dir='ltr'>majorquelm</span> <span class='ocrx_word' id='word_1_30' title='bbox 1107 564 1173 634; x_wconf 88' lang='lat' dir='ltr'>bic,</span> 
     </span>
     <span class='ocr_line' id='line_1_5' title="bbox 176 643 1173 724; baseline 0.001 -22"><span class='ocrx_word' id='word_1_31' title='bbox 176 643 291 703; x_wconf 81' lang='lat' dir='ltr'>Creusa</span> <span class='ocrx_word' id='word_1_32' title='bbox 304 649 397 704; x_wconf 86' lang='lat' dir='ltr'>matre</span> <span class='ocrx_word' id='word_1_33' title='bbox 428 643 467 702; x_wconf 86' lang='lat' dir='ltr'>lio</span> <span class='ocrx_word' id='word_1_34' title='bbox 480 643 621 703; x_wconf 91' lang='lat' dir='ltr'>incolomi</span> <span class='ocrx_word' id='word_1_35' title='bbox 643 651 740 714; x_wconf 87' lang='lat' dir='ltr'>natus,</span> <span class='ocrx_word' id='word_1_36' title='bbox 755 665 913 724; x_wconf 85' lang='lat' dir='ltr'>comesque</span> <span class='ocrx_word' id='word_1_37' title='bbox 933 645 1004 704; x_wconf 88' lang='lat' dir='ltr'>inde</span> <span class='ocrx_word' id='word_1_38' title='bbox 1020 653 1173 723; x_wconf 73' lang='lat' dir='ltr'>pateruae</span> 
     </span>
     <span class='ocr_line' id='line_1_6' title="bbox 175 722 1173 805; baseline -0.001 -23"><span class='ocrx_word' id='word_1_39' title='bbox 175 722 228 804; x_wconf 85' lang='lat' dir='ltr'>fug</span> <span class='ocrx_word' id='word_1_40' title='bbox 240 755 265 792; x_wconf 70' lang='lat' dir='ltr'>e,</span> <span class='ocrx_word' id='word_1_41' title='bbox 279 744 367 802; x_wconf 89' lang='lat' dir='ltr'>quem</span> <span class='ocrx_word' id='word_1_42' title='bbox 380 723 479 782; x_wconf 92' lang='lat' dir='ltr'>lulum</span> <span class='ocrx_word' id='word_1_43' title='bbox 492 725 618 782; x_wconf 91' lang='lat' dir='ltr'>eundem</span> <span class='ocrx_word' id='word_1_44' title='bbox 629 724 710 784; x_wconf 75' lang='lat' dir='ltr'>dulia</span> <span class='ocrx_word' id='word_1_45' title='bbox 724 744 796 805; x_wconf 83' lang='lat' dir='ltr'>gens</span> <span class='ocrx_word' id='word_1_46' title='bbox 807 734 957 784; x_wconf 75' lang='lat' dir='ltr'>auctorem</span> <span class='ocrx_word' id='word_1_47' title='bbox 969 723 1110 783; x_wconf 90' lang='lat' dir='ltr'>nominis</span> <span class='ocrx_word' id='word_1_48' title='bbox 1120 722 1173 781; x_wconf 92' lang='lat' dir='ltr'>sui</span> 
     </span>
     <span class='ocr_line' id='line_1_7' title="bbox 175 801 1234 884; baseline 0.002 -20"><span class='ocrx_word' id='word_1_49' title='bbox 175 811 339 882; x_wconf 87' lang='lat' dir='ltr'>nuncupat.</span> <span class='ocrx_word' id='word_1_50' title='bbox 368 801 1080 884; x_wconf 78' lang='lat' dir='ltr'>IsAscaniusubicunqueetquucunquenistre</span> <span class='ocrx_word' id='word_1_51' title='bbox 1088 822 1173 884; x_wconf 84' lang='lat' dir='ltr'>gen-</span> <span class='ocrx_word' id='word_1_52' title='bbox 1232 804 1234 866; x_wconf 77' lang='grc' dir='ltr'>ζ</span> 
     </span>
     <span class='ocr_line' id='line_1_8' title="bbox 174 882 1234 965; baseline -0.005 -23"><span class='ocrx_word' id='word_1_53' title='bbox 174 882 341 962; x_wconf 68' lang='lat' dir='ltr'>itus,(cert=?</span> <span class='ocrx_word' id='word_1_54' title='bbox 353 891 454 942; x_wconf 90' lang='lat' dir='ltr'>natum</span> <span class='ocrx_word' id='word_1_55' title='bbox 463 884 696 965; x_wconf 84' lang='lat' dir='ltr'>AEneaconstat)</span> <span class='ocrx_word' id='word_1_56' title='bbox 709 886 879 945; x_wconf 85' lang='lat' dir='ltr'>abundante</span> <span class='ocrx_word' id='word_1_57' title='bbox 887 883 1006 944; x_wconf 76' lang='lat' dir='ltr'>Lauinii</span> <span class='ocrx_word' id='word_1_58' title='bbox 1016 883 1172 942; x_wconf 88' lang='lat' dir='ltr'>multitu·</span> <span class='ocrx_word' id='word_1_59' title='bbox 1232 904 1234 937; x_wconf 92' lang='lat'>:</span> 
     </span>
     <span class='ocr_line' id='line_1_9' title="bbox 176 961 1234 1046; baseline -0.002 -24"><span class='ocrx_word' id='word_1_60' title='bbox 176 962 261 1031; x_wconf 78' lang='lat' dir='ltr'>dine,¹</span> <span class='ocrx_word' id='word_1_61' title='bbox 270 961 423 1022; x_wconf 81' lang='lat' dir='ltr'>florentem</span> <span class='ocrx_word' id='word_1_62' title='bbox 433 965 497 1042; x_wconf 88' lang='lat' dir='ltr'>jam</span> <span class='ocrx_word' id='word_1_63' title='bbox 512 965 558 1044; x_wconf 90' lang='lat' dir='ltr'>(ut</span> <span class='ocrx_word' id='word_1_64' title='bbox 571 973 634 1022; x_wconf 90' lang='lat' dir='ltr'>tum</span> <span class='ocrx_word' id='word_1_65' title='bbox 650 965 802 1046; x_wconf 86' lang='lat' dir='ltr'>reserant)</span> <span class='ocrx_word' id='word_1_66' title='bbox 818 971 908 1044; x_wconf 88' lang='lat' dir='ltr'>atque</span> <span class='ocrx_word' id='word_1_67' title='bbox 918 965 1104 1045; x_wconf 74' lang='lat' dir='ltr'><strong>opulentam</strong></span> <span class='ocrx_word' id='word_1_68' title='bbox 1115 983 1172 1021; x_wconf 91' lang='lat' dir='ltr'>ur·</span> <span class='ocrx_word' id='word_1_69' title='bbox 1232 1033 1234 1039; x_wconf 44' lang='lat'>,</span> 
     </span>
     <span class='ocr_line' id='line_1_10' title="bbox 171 1042 1234 1124; baseline -0.003 -21"><span class='ocrx_word' id='word_1_70' title='bbox 171 1045 243 1104; x_wconf 90' lang='lat' dir='ltr'>bem</span> <span class='ocrx_word' id='word_1_71' title='bbox 250 1044 347 1112; x_wconf 89' lang='lat' dir='ltr'>matri,</span> <span class='ocrx_word' id='word_1_72' title='bbox 358 1064 411 1103; x_wconf 90' lang='lat' dir='ltr'>seu</span> <span class='ocrx_word' id='word_1_73' title='bbox 420 1059 566 1113; x_wconf 78' lang='lat' dir='ltr'>novercae,</span> <span class='ocrx_word' id='word_1_74' title='bbox 575 1045 704 1123; x_wconf 85' lang='lat' dir='ltr'>reliquit.</span> <span class='ocrx_word' id='word_1_75' title='bbox 731 1046 847 1104; x_wconf 84' lang='lat' dir='ltr'>Novam</span> <span class='ocrx_word' id='word_1_76' title='bbox 857 1043 920 1124; x_wconf 84' lang='lat' dir='ltr'>ipse</span> <span class='ocrx_word' id='word_1_77' title='bbox 931 1044 1022 1105; x_wconf 88' lang='lat' dir='ltr'>aliam</span> <span class='ocrx_word' id='word_1_78' title='bbox 1035 1045 1099 1102; x_wconf 87' lang='lat' dir='ltr'>sub</span> <span class='ocrx_word' id='word_1_79' title='bbox 1110 1042 1172 1101; x_wconf 89' lang='lat' dir='ltr'>Al·</span> <span class='ocrx_word' id='word_1_80' title='bbox 1232 1082 1234 1089; x_wconf 87' lang='lat'>·</span> 
     </span>
     <span class='ocr_line' id='line_1_11' title="bbox 175 1122 1234 1204; baseline -0.003 -20"><span class='ocrx_word' id='word_1_81' title='bbox 175 1124 253 1184; x_wconf 89' lang='lat' dir='ltr'>bano</span> <span class='ocrx_word' id='word_1_82' title='bbox 267 1133 366 1182; x_wconf 91' lang='lat' dir='ltr'>monte</span> <span class='ocrx_word' id='word_1_83' title='bbox 380 1123 532 1194; x_wconf 89' lang='lat' dir='ltr'>condidit;</span> <span class='ocrx_word' id='word_1_84' title='bbox 553 1144 633 1204; x_wconf 79' lang='lat' dir='ltr'>quae,</span> <span class='ocrx_word' id='word_1_85' title='bbox 644 1128 681 1184; x_wconf 90' lang='lat' dir='ltr'>ab</span> <span class='ocrx_word' id='word_1_86' title='bbox 694 1124 752 1184; x_wconf 88' lang='lat' dir='ltr'>situ</span> <span class='ocrx_word' id='word_1_87' title='bbox 764 1132 908 1204; x_wconf 84' lang='lat' dir='ltr'>porrectae</span> <span class='ocrx_word' id='word_1_88' title='bbox 922 1124 953 1183; x_wconf 92' lang='lat' dir='ltr'>in</span> <span class='ocrx_word' id='word_1_89' title='bbox 964 1125 1059 1185; x_wconf 88' lang='lat' dir='ltr'>dorso</span> <span class='ocrx_word' id='word_1_90' title='bbox 1071 1122 1172 1190; x_wconf 74' lang='lat' dir='ltr'>urbiS,</span> <span class='ocrx_word' id='word_1_91' title='bbox 1232 1124 1234 1129; x_wconf 83' lang='lat'>&#39;</span> 
     </span>
     <span class='ocr_line' id='line_1_12' title="bbox 177 1198 1172 1284; baseline -0.002 -20"><span class='ocrx_word' id='word_1_92' title='bbox 177 1203 282 1284; x_wconf 80' lang='lat' dir='ltr'>Longa</span> <span class='ocrx_word' id='word_1_93' title='bbox 297 1203 374 1262; x_wconf 91' lang='lat' dir='ltr'>Alba</span> <span class='ocrx_word' id='word_1_94' title='bbox 388 1205 545 1282; x_wconf 85' lang='lat' dir='ltr'>appellata.</span> <span class='ocrx_word' id='word_1_95' title='bbox 586 1203 669 1266; x_wconf 87' lang='lat' dir='ltr'>Inter</span> <span class='ocrx_word' id='word_1_96' title='bbox 680 1198 839 1264; x_wconf 84' lang='lat' dir='ltr'>Lavinium</span> <span class='ocrx_word' id='word_1_97' title='bbox 850 1212 881 1264; x_wconf 93' lang='lat' dir='ltr'>et</span> <span class='ocrx_word' id='word_1_98' title='bbox 896 1205 1002 1265; x_wconf 90' lang='lat' dir='ltr'>Albam</span> <span class='ocrx_word' id='word_1_99' title='bbox 1018 1201 1172 1284; x_wconf 79' lang='lat' dir='ltr'><strong>Longam</strong></span> 
     </span>
     <span class='ocr_line' id='line_1_13' title="bbox 177 1282 1172 1366; baseline -0.002 -23"><span class='ocrx_word' id='word_1_100' title='bbox 177 1283 323 1343; x_wconf 90' lang='lat' dir='ltr'>coloniam</span> <span class='ocrx_word' id='word_1_101' title='bbox 335 1282 495 1342; x_wconf 88' lang='lat' dir='ltr'>deductam</span> <span class='ocrx_word' id='word_1_102' title='bbox 509 1283 629 1366; x_wconf 83' lang='lat' dir='ltr'>triginta</span> <span class='ocrx_word' id='word_1_103' title='bbox 640 1284 733 1343; x_wconf 82' lang='lat' dir='ltr'>ferme</span> <span class='ocrx_word' id='word_1_104' title='bbox 745 1284 907 1346; x_wconf 71' lang='lat' dir='ltr'>interfuere</span> <span class='ocrx_word' id='word_1_105' title='bbox 921 1285 992 1344; x_wconf 87' lang='lat' dir='ltr'>anui</span> <span class='ocrx_word' id='word_1_106' title='bbox 1004 1305 1021 1354; x_wconf 91' lang='lat'>;·</span> <span class='ocrx_word' id='word_1_107' title='bbox 1035 1285 1172 1343; x_wconf 74' lang='lat' dir='ltr'>tantum</span> 
     </span>
     <span class='ocr_line' id='line_1_14' title="bbox 176 1363 1172 1443; baseline -0.001 -20"><span class='ocrx_word' id='word_1_108' title='bbox 176 1371 276 1438; x_wconf 84' lang='lat' dir='ltr'>tamen</span> <span class='ocrx_word' id='word_1_109' title='bbox 299 1366 369 1443; x_wconf 88' lang='lat' dir='ltr'>opes</span> <span class='ocrx_word' id='word_1_110' title='bbox 393 1371 557 1434; x_wconf 83' lang='lat' dir='ltr'>creverant,</span> <span class='ocrx_word' id='word_1_111' title='bbox 572 1365 698 1424; x_wconf 62' lang='lat' dir='ltr'>maximl</span> <span class='ocrx_word' id='word_1_112' title='bbox 712 1363 787 1424; x_wconf 84' lang='lat' dir='ltr'>fusis</span> <span class='ocrx_word' id='word_1_113' title='bbox 801 1365 946 1433; x_wconf 82' lang='lat' dir='ltr'>Etruscis,</span> <span class='ocrx_word' id='word_1_114' title='bbox 959 1370 993 1424; x_wconf 85' lang='lat' dir='ltr'>ut</span> <span class='ocrx_word' id='word_1_115' title='bbox 1007 1383 1050 1424; x_wconf 89' lang='lat' dir='ltr'>ne</span> <span class='ocrx_word' id='word_1_116' title='bbox 1067 1370 1172 1423; x_wconf 85' lang='lat' dir='ltr'>morte</span> 
     </span>
     <span class='ocr_line' id='line_1_15' title="bbox 177 1442 1170 1523; baseline -0.001 -20"><span class='ocrx_word' id='word_1_117' title='bbox 177 1443 298 1523; x_wconf 88' lang='lat' dir='ltr'>quidem</span> <span class='ocrx_word' id='word_1_118' title='bbox 312 1445 432 1512; x_wconf 73' lang='lat' dir='ltr'>AEnee,</span> <span class='ocrx_word' id='word_1_119' title='bbox 447 1463 501 1502; x_wconf 91' lang='lat' dir='ltr'>nec</span> <span class='ocrx_word' id='word_1_120' title='bbox 524 1444 642 1514; x_wconf 88' lang='lat' dir='ltr'>deinde,</span> <span class='ocrx_word' id='word_1_121' title='bbox 654 1445 733 1504; x_wconf 86' lang='lat' dir='ltr'>inter</span> <span class='ocrx_word' id='word_1_122' title='bbox 745 1444 918 1506; x_wconf 87' lang='lat' dir='ltr'>muliebrem</span> <span class='ocrx_word' id='word_1_123' title='bbox 932 1445 1064 1505; x_wconf 87' lang='lat' dir='ltr'>tutelam</span> <span class='ocrx_word' id='word_1_124' title='bbox 1078 1442 1170 1504; x_wconf 84' lang='lat' dir='ltr'>rudi-</span> 
     </span>
     <span class='ocr_line' id='line_1_16' title="bbox 177 1521 1234 1604; baseline 0 -21"><span class='ocrx_word' id='word_1_125' title='bbox 177 1532 370 1602; x_wconf 87' lang='lat' dir='ltr'>mentumque</span> <span class='ocrx_word' id='word_1_126' title='bbox 383 1521 510 1603; x_wconf 89' lang='lat' dir='ltr'>primum</span> <span class='ocrx_word' id='word_1_127' title='bbox 523 1524 646 1603; x_wconf 82' lang='lat' dir='ltr'>puerilis</span> <span class='ocrx_word' id='word_1_128' title='bbox 666 1524 759 1604; x_wconf 81' lang='lat' dir='ltr'>regni,</span> <span class='ocrx_word' id='word_1_129' title='bbox 771 1545 888 1584; x_wconf 83' lang='lat' dir='ltr'>movere</span> <span class='ocrx_word' id='word_1_130' title='bbox 902 1546 983 1584; x_wconf 75' lang='lat' dir='ltr'>arram</span> <span class='ocrx_word' id='word_1_131' title='bbox 997 1533 1054 1584; x_wconf 91' lang='lat' dir='ltr'>aut</span> <span class='ocrx_word' id='word_1_132' title='bbox 1070 1525 1171 1585; x_wconf 81' lang='lat' dir='ltr'>Mez-</span> <span class='ocrx_word' id='word_1_133' title='bbox 1232 1526 1234 1535; x_wconf 90' lang='lat'>&#39;</span> 
     </span>
     <span class='ocr_line' id='line_1_17' title="bbox 178 1603 1169 1682; baseline -0.001 -18"><span class='ocrx_word' id='word_1_134' title='bbox 178 1604 277 1664; x_wconf 85' lang='lat' dir='ltr'>entius</span> <span class='ocrx_word' id='word_1_135' title='bbox 288 1603 477 1682; x_wconf 83' lang='lat' dir='ltr'>Etruscique,</span> <span class='ocrx_word' id='word_1_136' title='bbox 488 1603 603 1664; x_wconf 86' lang='lat' dir='ltr'>autulli</span> <span class='ocrx_word' id='word_1_137' title='bbox 612 1603 783 1665; x_wconf 83' lang='lat' dir='ltr'>aliiaccolae</span> <span class='ocrx_word' id='word_1_138' title='bbox 795 1605 859 1665; x_wconf 83' lang='lat' dir='ltr'>ausi</span> <span class='ocrx_word' id='word_1_139' title='bbox 867 1604 936 1665; x_wconf 82' lang='lat' dir='ltr'>sint.</span> <span class='ocrx_word' id='word_1_140' title='bbox 957 1607 1019 1665; x_wconf 85' lang='lat' dir='ltr'>Pax</span> <span class='ocrx_word' id='word_1_141' title='bbox 1032 1604 1081 1664; x_wconf 86' lang='lat' dir='ltr'>ita</span> <span class='ocrx_word' id='word_1_142' title='bbox 1091 1624 1169 1664; x_wconf 90' lang='lat' dir='ltr'>cou-</span> 
     </span>
     <span class='ocr_line' id='line_1_18' title="bbox 178 1683 1234 1764; baseline 0 -22"><span class='ocrx_word' id='word_1_143' title='bbox 178 1691 310 1758; x_wconf 81' lang='lat' dir='ltr'>venerat,</span> <span class='ocrx_word' id='word_1_144' title='bbox 324 1689 358 1743; x_wconf 90' lang='lat' dir='ltr'>ut</span> <span class='ocrx_word' id='word_1_145' title='bbox 372 1683 507 1744; x_wconf 81' lang='lat' dir='ltr'>Etruscis</span> <span class='ocrx_word' id='word_1_146' title='bbox 521 1683 699 1764; x_wconf 82' lang='lat' dir='ltr'>Latinisque</span> <span class='ocrx_word' id='word_1_147' title='bbox 713 1684 823 1745; x_wconf 83' lang='lat' dir='ltr'>fluvius</span> <span class='ocrx_word' id='word_1_148' title='bbox 837 1685 956 1755; x_wconf 82' lang='lat' dir='ltr'>Albula,</span> <span class='ocrx_word' id='word_1_149' title='bbox 970 1705 1063 1764; x_wconf 89' lang='lat' dir='ltr'>quem</span> <span class='ocrx_word' id='word_1_150' title='bbox 1079 1703 1169 1744; x_wconf 89' lang='lat' dir='ltr'>nunc</span> <span class='ocrx_word' id='word_1_151' title='bbox 1232 1744 1234 1751; x_wconf 79' lang='grc'>,</span> 
     </span>
     <span class='ocr_line' id='line_1_19' title="bbox 179 1763 1234 1846; baseline -0.001 -24"><span class='ocrx_word' id='word_1_152' title='bbox 179 1763 311 1823; x_wconf 89' lang='lat' dir='ltr'>Tiberim</span> <span class='ocrx_word' id='word_1_153' title='bbox 326 1770 443 1833; x_wconf 90' lang='lat' dir='ltr'>vocant,</span> <span class='ocrx_word' id='word_1_154' title='bbox 456 1763 524 1824; x_wconf 84' lang='lat' dir='ltr'>finis</span> <span class='ocrx_word' id='word_1_155' title='bbox 536 1772 623 1826; x_wconf 79' lang='lat' dir='ltr'>esset.</span> <span class='ocrx_word' id='word_1_156' title='bbox 665 1764 776 1824; x_wconf 88' lang='lat' dir='ltr'>Silvius</span> <span class='ocrx_word' id='word_1_157' title='bbox 790 1765 897 1824; x_wconf 89' lang='lat' dir='ltr'>deinde</span> <span class='ocrx_word' id='word_1_158' title='bbox 906 1773 1018 1846; x_wconf 85' lang='lat' dir='ltr'>regnat,</span> <span class='ocrx_word' id='word_1_159' title='bbox 1031 1763 1170 1824; x_wconf 87' lang='lat' dir='ltr'>Ascanii</span> <span class='ocrx_word' id='word_1_160' title='bbox 1232 1802 1234 1805; x_wconf 94' lang='lat'>-</span> 
     </span>
     <span class='ocr_line' id='line_1_20' title="bbox 179 1843 1234 1924; baseline 0 -20"><span class='ocrx_word' id='word_1_161' title='bbox 179 1843 269 1912; x_wconf 86' lang='lat' dir='ltr'>filius,</span> <span class='ocrx_word' id='word_1_162' title='bbox 278 1864 349 1903; x_wconf 84' lang='lat' dir='ltr'>casu</span> <span class='ocrx_word' id='word_1_163' title='bbox 359 1844 527 1924; x_wconf 89' lang='lat' dir='ltr'>quodamin</span> <span class='ocrx_word' id='word_1_164' title='bbox 541 1843 628 1904; x_wconf 89' lang='lat' dir='ltr'>silvis·</span> <span class='ocrx_word' id='word_1_165' title='bbox 637 1851 735 1904; x_wconf 86' lang='lat' dir='ltr'>natus.</span> <span class='ocrx_word' id='word_1_166' title='bbox 777 1846 807 1903; x_wconf 90' lang='lat' dir='ltr'>ls</span> <span class='ocrx_word' id='word_1_167' title='bbox 820 1846 940 1906; x_wconf 80' lang='lat' dir='ltr'>IEnean</span> <span class='ocrx_word' id='word_1_168' title='bbox 952 1844 1083 1904; x_wconf 83' lang='lat' dir='ltr'>Silvium</span> <span class='ocrx_word' id='word_1_169' title='bbox 1098 1865 1169 1904; x_wconf 88' lang='lat' dir='ltr'>cre·</span> <span class='ocrx_word' id='word_1_170' title='bbox 1232 1850 1234 1921; x_wconf 68' lang='grc' dir='ltr'>ξ</span> 
     </span>
     <span class='ocr_line' id='line_1_21' title="bbox 180 1923 1234 2005; baseline 0 -21"><span class='ocrx_word' id='word_1_171' title='bbox 180 1931 232 1994; x_wconf 90' lang='lat' dir='ltr'>at;</span> <span class='ocrx_word' id='word_1_172' title='bbox 252 1923 278 1983; x_wconf 88' lang='lat' dir='ltr'>is</span> <span class='ocrx_word' id='word_1_173' title='bbox 293 1923 400 2004; x_wconf 83' lang='lat' dir='ltr'>deinde</span> <span class='ocrx_word' id='word_1_174' title='bbox 412 1923 554 1984; x_wconf 87' lang='lat' dir='ltr'>Latinum</span> <span class='ocrx_word' id='word_1_175' title='bbox 567 1923 703 1984; x_wconf 85' lang='lat' dir='ltr'>Silvium.</span> <span class='ocrx_word' id='word_1_176' title='bbox 744 1927 792 1985; x_wconf 87' lang='lat' dir='ltr'>Ab</span> <span class='ocrx_word' id='word_1_177' title='bbox 802 1923 969 1985; x_wconf 87' lang='lat' dir='ltr'>eocoloniae</span> <span class='ocrx_word' id='word_1_178' title='bbox 979 1925 1101 2005; x_wconf 85' lang='lat' dir='ltr'>aliquot</span> <span class='ocrx_word' id='word_1_179' title='bbox 1111 1925 1168 1984; x_wconf 91' lang='lat' dir='ltr'>de·</span> <span class='ocrx_word' id='word_1_180' title='bbox 1232 1940 1234 1999; x_wconf 78' lang='lat' dir='ltr'><strong>j</strong></span> 
     </span>
     <span class='ocr_line' id='line_1_22' title="bbox 179 2003 1234 2084; baseline -0.003 -22"><span class='ocrx_word' id='word_1_181' title='bbox 179 2005 291 2074; x_wconf 76' lang='lat' dir='ltr'>ductae,</span> <span class='ocrx_word' id='word_1_182' title='bbox 305 2003 400 2062; x_wconf 86' lang='lat' dir='ltr'>Prisci</span> <span class='ocrx_word' id='word_1_183' title='bbox 413 2003 516 2064; x_wconf 88' lang='lat' dir='ltr'>Latini</span> <span class='ocrx_word' id='word_1_184' title='bbox 530 2004 680 2084; x_wconf 87' lang='lat' dir='ltr'>appellati.</span> <span class='ocrx_word' id='word_1_185' title='bbox 710 2004 827 2066; x_wconf 86' lang='lat' dir='ltr'>Mansit</span> <span class='ocrx_word' id='word_1_186' title='bbox 838 2003 939 2063; x_wconf 83' lang='lat' dir='ltr'>Silviis</span> <span class='ocrx_word' id='word_1_187' title='bbox 948 2012 1052 2083; x_wconf 88' lang='lat' dir='ltr'>postea</span> <span class='ocrx_word' id='word_1_188' title='bbox 1063 2004 1168 2065; x_wconf 91' lang='lat' dir='ltr'>omni·</span> <span class='ocrx_word' id='word_1_189' title='bbox 1232 2016 1234 2059; x_wconf 84' lang='grc' dir='ltr'><strong><em>ῑ</em></strong></span> 
     </span>
     <span class='ocr_line' id='line_1_23' title="bbox 179 2083 1234 2165; baseline 0 -21"><span class='ocrx_word' id='word_1_190' title='bbox 179 2084 612 2165; x_wconf 67' lang='lat' dir='ltr'>buscognomen,quiAlbere</span> <span class='ocrx_word' id='word_1_191' title='bbox 632 2090 753 2158; x_wconf 64' lang='lat' dir='ltr'>ntrunt.</span> <span class='ocrx_word' id='word_1_192' title='bbox 775 2083 882 2146; x_wconf 82' lang='lat' dir='ltr'>Latino</span> <span class='ocrx_word' id='word_1_193' title='bbox 890 2084 968 2144; x_wconf 91' lang='lat' dir='ltr'>Alba</span> <span class='ocrx_word' id='word_1_194' title='bbox 976 2090 1071 2155; x_wconf 80' lang='lat' dir='ltr'>ortus,</span> <span class='ocrx_word' id='word_1_195' title='bbox 1082 2085 1168 2144; x_wconf 84' lang='lat' dir='ltr'>Alba</span> <span class='ocrx_word' id='word_1_196' title='bbox 1232 2084 1234 2099; x_wconf 71' lang='lat'>⁵</span> 
     </span>
     <span class='ocr_line' id='line_1_24' title="bbox 182 2107 1167 2256; baseline -0.002 -33"><span class='ocrx_word' id='word_1_197' title='bbox 182 2167 271 2244; x_wconf 83' lang='lat' dir='ltr'>Atys,</span> <span class='ocrx_word' id='word_1_198' title='bbox 284 2167 365 2244; x_wconf 86' lang='lat' dir='ltr'>Atye</span> <span class='ocrx_word' id='word_1_199' title='bbox 376 2163 488 2244; x_wconf 82' lang='lat' dir='ltr'>Capys,</span> <span class='ocrx_word' id='word_1_200' title='bbox 499 2165 604 2256; x_wconf 84' lang='lat' dir='ltr'>Capye</span> <span class='ocrx_word' id='word_1_201' title='bbox 612 2107 759 2246; x_wconf 54' lang='lat' dir='ltr'>{Iapetus</span> <span class='ocrx_word' id='word_1_202' title='bbox 770 2165 884 2244; x_wconf 75' lang='lat' dir='ltr'>Capeto</span> <span class='ocrx_word' id='word_1_203' title='bbox 892 2163 1054 2224; x_wconf 74' lang='lat' dir='ltr'>Tioerinus</span> <span class='ocrx_word' id='word_1_204' title='bbox 1067 2185 1078 2235; x_wconf 77' lang='lat'>3</span> <span class='ocrx_word' id='word_1_205' title='bbox 1101 2163 1167 2242; x_wconf 92' lang='lat' dir='ltr'>qui,</span> 
     </span>
     <span class='ocr_line' id='line_1_25' title="bbox 180 2243 1234 2324; baseline -0.001 -21"><span class='ocrx_word' id='word_1_206' title='bbox 180 2243 213 2304; x_wconf 93' lang='lat' dir='ltr'>in</span> <span class='ocrx_word' id='word_1_207' title='bbox 227 2247 279 2304; x_wconf 90' lang='lat' dir='ltr'>tra&#39;</span> <span class='ocrx_word' id='word_1_208' title='bbox 285 2253 353 2306; x_wconf 88' lang='lat' dir='ltr'>ectu</span> <span class='ocrx_word' id='word_1_209' title='bbox 366 2244 485 2305; x_wconf 82' lang='lat' dir='ltr'>Albulae</span> <span class='ocrx_word' id='word_1_210' title='bbox 497 2265 592 2306; x_wconf 81' lang='lat' dir='ltr'>amnas</span> <span class='ocrx_word' id='word_1_211' title='bbox 601 2249 780 2313; x_wconf 88' lang='lat' dir='ltr'>submersus,</span> <span class='ocrx_word' id='word_1_212' title='bbox 791 2245 905 2304; x_wconf 86' lang='lat' dir='ltr'>celebre</span> <span class='ocrx_word' id='word_1_213' title='bbox 912 2244 952 2303; x_wconf 93' lang='lat' dir='ltr'>ad</span> <span class='ocrx_word' id='word_1_214' title='bbox 962 2252 1100 2324; x_wconf 84' lang='lat' dir='ltr'>posteros</span> <span class='ocrx_word' id='word_1_215' title='bbox 1109 2263 1165 2302; x_wconf 92' lang='lat' dir='ltr'>no·</span> <span class='ocrx_word' id='word_1_216' title='bbox 1232 2250 1234 2265; x_wconf 64' lang='lat'><strong>²</strong></span> 
     </span>
     <span class='ocr_line' id='line_1_26' title="bbox 181 2266 1234 2417; baseline -0.004 -31"><span class='ocrx_word' id='word_1_217' title='bbox 181 2345 250 2386; x_wconf 83' lang='lat' dir='ltr'>men</span> <span class='ocrx_word' id='word_1_218' title='bbox 263 2266 379 2386; x_wconf 86' lang='lat' dir='ltr'>llumini</span> <span class='ocrx_word' id='word_1_219' title='bbox 398 2323 490 2384; x_wconf 80' lang='lat' dir='ltr'>dedit.</span> <span class='ocrx_word' id='word_1_220' title='bbox 532 2325 664 2417; x_wconf 79' lang='lat' dir='ltr'>Agrippa</span> <span class='ocrx_word' id='word_1_221' title='bbox 677 2324 748 2384; x_wconf 92' lang='lat' dir='ltr'>inde</span> <span class='ocrx_word' id='word_1_222' title='bbox 762 2322 896 2391; x_wconf 84' lang='lat' dir='ltr'>Tiberini</span> <span class='ocrx_word' id='word_1_223' title='bbox 908 2323 1008 2394; x_wconf 87' lang='lat' dir='ltr'>filius;</span> <span class='ocrx_word' id='word_1_224' title='bbox 1028 2331 1101 2402; x_wconf 82' lang='lat' dir='ltr'>post</span> <span class='ocrx_word' id='word_1_225' title='bbox 1119 2327 1165 2382; x_wconf 94' lang='lat' dir='ltr'>A·</span> <span class='ocrx_word' id='word_1_226' title='bbox 1232 2338 1234 2343; x_wconf 83' lang='lat'>&#39;</span> 
     </span>
     <span class='ocr_line' id='line_1_27' title="bbox 180 2400 1234 2487; baseline -0.002 -23"><span class='ocrx_word' id='word_1_227' title='bbox 180 2405 316 2487; x_wconf 84' lang='lat' dir='ltr'>grippam</span> <span class='ocrx_word' id='word_1_228' title='bbox 334 2405 479 2464; x_wconf 83' lang='lat' dir='ltr'>Romulus</span> <span class='ocrx_word' id='word_1_229' title='bbox 499 2403 620 2473; x_wconf 80' lang='lat' dir='ltr'>Silvius,</span> <span class='ocrx_word' id='word_1_230' title='bbox 635 2405 651 2464; x_wconf 79' lang='lat' dir='ltr'>:l</span> <span class='ocrx_word' id='word_1_231' title='bbox 666 2411 749 2485; x_wconf 85' lang='lat' dir='ltr'>patre</span> <span class='ocrx_word' id='word_1_232' title='bbox 763 2410 886 2484; x_wconf 86' lang='lat' dir='ltr'>accepto</span> <span class='ocrx_word' id='word_1_233' title='bbox 896 2403 1028 2484; x_wconf 90' lang='lat' dir='ltr'>imperio,</span> <span class='ocrx_word' id='word_1_234' title='bbox 1042 2410 1165 2484; x_wconf 82' lang='lat' dir='ltr'>regnat.</span> <span class='ocrx_word' id='word_1_235' title='bbox 1232 2400 1234 2471; x_wconf 79' lang='grc' dir='ltr'>ξ</span> 
     </span>
     <span class='ocr_line' id='line_1_28' title="bbox 184 2482 1234 2565; baseline -0.003 -20"><span class='ocrx_word' id='word_1_236' title='bbox 184 2483 474 2552; x_wconf 87' lang='lat' dir='ltr'>Aventino‚fulmine</span> <span class='ocrx_word' id='word_1_237' title='bbox 487 2483 781 2565; x_wconf 79' lang='lat' dir='ltr'>ipseictus‚regnum</span> <span class='ocrx_word' id='word_1_238' title='bbox 789 2482 1098 2565; x_wconf 67' lang='lat' dir='ltr'>permanns&#39;tradidit.</span> <span class='ocrx_word' id='word_1_239' title='bbox 1122 2483 1166 2552; x_wconf 89' lang='lat' dir='ltr'>ls,</span> <span class='ocrx_word' id='word_1_240' title='bbox 1232 2482 1234 2525; x_wconf 90' lang='lat'><strong>:</strong></span> 
     </span>
     <span class='ocr_line' id='line_1_29' title="bbox 183 2561 1165 2644; baseline -0.002 -18"><span class='ocrx_word' id='word_1_241' title='bbox 183 2566 318 2644; x_wconf 85' lang='lat' dir='ltr'>sepultus</span> <span class='ocrx_word' id='word_1_242' title='bbox 330 2564 362 2622; x_wconf 91' lang='lat' dir='ltr'>in</span> <span class='ocrx_word' id='word_1_243' title='bbox 376 2583 411 2624; x_wconf 91' lang='lat' dir='ltr'>eo</span> <span class='ocrx_word' id='word_1_244' title='bbox 425 2563 510 2632; x_wconf 88' lang='lat' dir='ltr'>colle,</span> <span class='ocrx_word' id='word_1_245' title='bbox 524 2561 667 2643; x_wconf 75' lang='lat' dir='ltr'>quinimo</span> <span class='ocrx_word' id='word_1_246' title='bbox 681 2572 728 2624; x_wconf 89' lang='lat' dir='ltr'>est</span> <span class='ocrx_word' id='word_1_247' title='bbox 746 2576 814 2644; x_wconf 87' lang='lat' dir='ltr'>pars</span> <span class='ocrx_word' id='word_1_248' title='bbox 829 2565 970 2625; x_wconf 81' lang='lat' dir='ltr'>Romame</span> <span class='ocrx_word' id='word_1_249' title='bbox 984 2563 1074 2634; x_wconf 91' lang='lat' dir='ltr'>urbis,</span> <span class='ocrx_word' id='word_1_250' title='bbox 1090 2584 1165 2643; x_wconf 84' lang='lat' dir='ltr'>cog·</span> 
     </span>
     <span class='ocr_line' id='line_1_30' title="bbox 183 2641 1165 2736; baseline -0.004 -30"><span class='ocrx_word' id='word_1_251' title='bbox 183 2665 290 2706; x_wconf 88' lang='lat' dir='ltr'>nornen</span> <span class='ocrx_word' id='word_1_252' title='bbox 305 2644 373 2703; x_wconf 91' lang='lat' dir='ltr'>colli</span> <span class='ocrx_word' id='word_1_253' title='bbox 386 2641 476 2724; x_wconf 55' lang='lat' dir='ltr'>fecit,</span> <span class='ocrx_word' id='word_1_254' title='bbox 508 2643 603 2704; x_wconf 83' lang='lat' dir='ltr'>Proca</span> <span class='ocrx_word' id='word_1_255' title='bbox 616 2643 725 2704; x_wconf 88' lang='lat' dir='ltr'>deinde</span> <span class='ocrx_word' id='word_1_256' title='bbox 736 2651 859 2736; x_wconf 68' lang='lat' dir='ltr'>regnat,</span> <span class='ocrx_word' id='word_1_257' title='bbox 877 2644 905 2709; x_wconf 85' lang='lat' dir='ltr'>is</span> <span class='ocrx_word' id='word_1_258' title='bbox 914 2644 1105 2705; x_wconf 88' lang='lat' dir='ltr'>Numitorem</span> <span class='ocrx_word' id='word_1_259' title='bbox 1116 2652 1165 2702; x_wconf 89' lang='lat' dir='ltr'>at·</span> 
     </span>
     <span class='ocr_line' id='line_1_31' title="bbox 168 2723 1165 2804; baseline 0 -22"><span class='ocrx_word' id='word_1_260' title='bbox 168 2726 242 2804; x_wconf 58' lang='lat' dir='ltr'>“que</span> <span class='ocrx_word' id='word_1_261' title='bbox 264 2725 416 2784; x_wconf 88' lang='lat' dir='ltr'>Amulium</span> <span class='ocrx_word' id='word_1_262' title='bbox 441 2729 586 2803; x_wconf 70' lang='lat' dir='ltr'>procreat,</span> <span class='ocrx_word' id='word_1_263' title='bbox 635 2723 797 2792; x_wconf 77' lang='lat' dir='ltr'>Numitori,</span> <span class='ocrx_word' id='word_1_264' title='bbox 817 2723 869 2804; x_wconf 92' lang='lat' dir='ltr'>qui</span> <span class='ocrx_word' id='word_1_265' title='bbox 890 2724 990 2804; x_wconf 88' lang='lat' dir='ltr'>stirpis</span> <span class='ocrx_word' id='word_1_266' title='bbox 1011 2724 1165 2784; x_wconf 80' lang='lat' dir='ltr'>maximus</span> 
     </span>
     <span class='ocr_line' id='line_1_32' title="bbox 184 2801 1163 2886; baseline -0.002 -22"><span class='ocrx_word' id='word_1_267' title='bbox 184 2813 258 2874; x_wconf 85' lang='lat' dir='ltr'>crat,</span> <span class='ocrx_word' id='word_1_268' title='bbox 271 2823 392 2884; x_wconf 78' lang='lat' dir='ltr'>regnum</span> <span class='ocrx_word' id='word_1_269' title='bbox 407 2809 559 2862; x_wconf 89' lang='lat' dir='ltr'>vetustum</span> <span class='ocrx_word' id='word_1_270' title='bbox 567 2803 670 2864; x_wconf 84' lang='lat' dir='ltr'>Silviae</span> <span class='ocrx_word' id='word_1_271' title='bbox 681 2801 778 2884; x_wconf 84' lang='lat' dir='ltr'>gentis</span> <span class='ocrx_word' id='word_1_272' title='bbox 788 2804 877 2886; x_wconf 84' lang='lat' dir='ltr'>legat.</span> <span class='ocrx_word' id='word_1_273' title='bbox 917 2805 991 2864; x_wconf 90' lang='lat' dir='ltr'>Plus</span> <span class='ocrx_word' id='word_1_274' title='bbox 1001 2811 1103 2864; x_wconf 80' lang='lat' dir='ltr'>tamen</span> <span class='ocrx_word' id='word_1_275' title='bbox 1114 2803 1163 2862; x_wconf 83' lang='lat' dir='ltr'>vis</span> 
     </span>
     <span class='ocr_line' id='line_1_33' title="bbox 185 2881 1162 2966; baseline 0 -23"><span class='ocrx_word' id='word_1_276' title='bbox 185 2884 289 2963; x_wconf 90' lang='lat' dir='ltr'>potuit,</span> <span class='ocrx_word' id='word_1_277' title='bbox 303 2902 342 2966; x_wconf 93' lang='lat' dir='ltr'>qu</span> <span class='ocrx_word' id='word_1_278' title='bbox 351 2884 392 2943; x_wconf 83' lang='lat' dir='ltr'>lm</span> <span class='ocrx_word' id='word_1_279' title='bbox 406 2883 543 2943; x_wconf 86' lang='lat' dir='ltr'>voluntas</span> <span class='ocrx_word' id='word_1_280' title='bbox 555 2881 658 2964; x_wconf 86' lang='lat' dir='ltr'>patris.</span> <span class='ocrx_word' id='word_1_281' title='bbox 671 2890 723 2944; x_wconf 90' lang='lat' dir='ltr'>aut</span> <span class='ocrx_word' id='word_1_282' title='bbox 736 2883 916 2945; x_wconf 82' lang='lat' dir='ltr'>verecundia</span> <span class='ocrx_word' id='word_1_283' title='bbox 937 2884 1045 2946; x_wconf 72' lang='lat' dir='ltr'>aetatis</span> <span class='ocrx_word' id='word_1_284' title='bbox 1085 2884 1162 2944; x_wconf 92' lang='lat' dir='ltr'>Pul-</span> 
     </span>
     <span class='ocr_line' id='line_1_34' title="bbox 184 2962 1162 3045; baseline 0 -22"><span class='ocrx_word' id='word_1_285' title='bbox 184 2984 218 3023; x_wconf 90' lang='lat' dir='ltr'>so</span> <span class='ocrx_word' id='word_1_286' title='bbox 231 2963 332 3032; x_wconf 86' lang='lat' dir='ltr'>fratre,</span> <span class='ocrx_word' id='word_1_287' title='bbox 346 2962 485 3023; x_wconf 90' lang='lat' dir='ltr'>Amulius</span> <span class='ocrx_word' id='word_1_288' title='bbox 500 2969 612 3044; x_wconf 86' lang='lat' dir='ltr'>regnat.</span> <span class='ocrx_word' id='word_1_289' title='bbox 654 2963 750 3024; x_wconf 88' lang='lat' dir='ltr'>Addit</span> <span class='ocrx_word' id='word_1_290' title='bbox 763 2965 868 3024; x_wconf 89' lang='lat' dir='ltr'>sceleri</span> <span class='ocrx_word' id='word_1_291' title='bbox 882 2965 989 3025; x_wconf 87' lang='lat' dir='ltr'>scelus.</span> <span class='ocrx_word' id='word_1_292' title='bbox 1028 2963 1162 3045; x_wconf 85' lang='lat' dir='ltr'>Stirpem</span> 
     </span>
     <span class='ocr_line' id='line_1_35' title="bbox 184 3041 1163 3123; baseline -0.002 -19"><span class='ocrx_word' id='word_1_293' title='bbox 184 3041 285 3104; x_wconf 78' lang='lat' dir='ltr'>fratris</span> <span class='ocrx_word' id='word_1_294' title='bbox 306 3041 419 3102; x_wconf 84' lang='lat' dir='ltr'>virilem</span> <span class='ocrx_word' id='word_1_295' title='bbox 434 3041 586 3102; x_wconf 86' lang='lat' dir='ltr'>interimit.</span> <span class='ocrx_word' id='word_1_296' title='bbox 636 3044 750 3105; x_wconf 78' lang='lat' dir='ltr'>Fratris</span> <span class='ocrx_word' id='word_1_297' title='bbox 764 3044 834 3104; x_wconf 63' lang='lat' dir='ltr'>oliae</span> <span class='ocrx_word' id='word_1_298' title='bbox 857 3045 949 3106; x_wconf 77' lang='lat' dir='ltr'>Rheae</span> <span class='ocrx_word' id='word_1_299' title='bbox 971 3043 1085 3114; x_wconf 66' lang='lat' dir='ltr'>silvie,</span> <span class='ocrx_word' id='word_1_300' title='bbox 1107 3061 1163 3123; x_wconf 84' lang='lat' dir='ltr'>per</span> 
     </span>
     <span class='ocr_line' id='line_1_36' title="bbox 185 3121 1234 3216; baseline -0.002 -32"><span class='ocrx_word' id='word_1_301' title='bbox 185 3123 313 3216; x_wconf 84' lang='lat' dir='ltr'>speciem</span> <span class='ocrx_word' id='word_1_302' title='bbox 327 3123 455 3193; x_wconf 86' lang='lat' dir='ltr'>honoris,</span> <span class='ocrx_word' id='word_1_303' title='bbox 467 3143 559 3204; x_wconf 78' lang='lat' dir='ltr'>quum</span> <span class='ocrx_word' id='word_1_304' title='bbox 571 3125 722 3186; x_wconf 85' lang='lat' dir='ltr'>Vestalem</span> <span class='ocrx_word' id='word_1_305' title='bbox 733 3143 799 3184; x_wconf 84' lang='lat' dir='ltr'>eam</span> <span class='ocrx_word' id='word_1_306' title='bbox 808 3122 937 3205; x_wconf 80' lang='lat' dir='ltr'>legisset,</span> <span class='ocrx_word' id='word_1_307' title='bbox 945 3129 1088 3205; x_wconf 84' lang='lat' dir='ltr'>perpetua</span> <span class='ocrx_word' id='word_1_308' title='bbox 1099 3121 1162 3184; x_wconf 84' lang='lat' dir='ltr'>vir·</span> <span class='ocrx_word' id='word_1_309' title='bbox 1232 3158 1234 3161; x_wconf 94' lang='lat'>-</span> 
     </span>
     <span class='ocr_line' id='line_1_37' title="bbox 157 3203 1234 3285; baseline 0.004 -25"><span class='ocrx_word' id='word_1_310' title='bbox 157 3234 162 3236; x_wconf 96' lang='lat'>-</span> <span class='ocrx_word' id='word_1_311' title='bbox 186 3203 309 3285; x_wconf 69' lang='lat' dir='ltr'>genitate</span> <span class='ocrx_word' id='word_1_312' title='bbox 320 3223 402 3284; x_wconf 90' lang='lat' dir='ltr'>spem</span> <span class='ocrx_word' id='word_1_313' title='bbox 416 3213 519 3284; x_wconf 85' lang='lat' dir='ltr'>partus</span> <span class='ocrx_word' id='word_1_314' title='bbox 529 3203 643 3264; x_wconf 74' lang='lat' dir='ltr'>adimit.</span> <span class='ocrx_word' id='word_1_315' title='bbox 1232 3280 1234 3283; x_wconf 22' lang='grc' dir='ltr'>Ι</span> 
     </span>
    </p>

    <p class='ocr_par' dir='ltr' id='par_1_3' title="bbox 183 3281 1234 3850">
     <span class='ocr_line' id='line_1_38' title="bbox 228 3281 1234 3364; baseline -0.001 -22"><span class='ocrx_word' id='word_1_316' title='bbox 228 3283 284 3342; x_wconf 78' lang='lat' dir='ltr'>lv.</span> <span class='ocrx_word' id='word_1_317' title='bbox 303 3284 361 3344; x_wconf 86' lang='lat' dir='ltr'>Sed</span> <span class='ocrx_word' id='word_1_318' title='bbox 377 3284 547 3352; x_wconf 89' lang='lat' dir='ltr'>debebatur,</span> <span class='ocrx_word' id='word_1_319' title='bbox 570 3290 605 3342; x_wconf 91' lang='lat' dir='ltr'>ut</span> <span class='ocrx_word' id='word_1_320' title='bbox 620 3281 732 3364; x_wconf 89' lang='lat' dir='ltr'>opinor,</span> <span class='ocrx_word' id='word_1_321' title='bbox 755 3283 825 3345; x_wconf 82' lang='lat' dir='ltr'>fatis</span> <span class='ocrx_word' id='word_1_322' title='bbox 837 3289 943 3345; x_wconf 72' lang='lat' dir='ltr'>tanta</span> <span class='ocrx_word' id='word_1_323' title='bbox 967 3284 1047 3364; x_wconf 83' lang='lat' dir='ltr'>origo</span> <span class='ocrx_word' id='word_1_324' title='bbox 1067 3281 1161 3356; x_wconf 86' lang='lat' dir='ltr'>urbis,</span> <span class='ocrx_word' id='word_1_325' title='bbox 1232 3330 1234 3359; x_wconf 52' lang='grc'>;</span> 
     </span>
     <span class='ocr_line' id='line_1_39' title="bbox 183 3361 1160 3444; baseline -0.004 -20"><span class='ocrx_word' id='word_1_326' title='bbox 183 3363 366 3442; x_wconf 83' lang='lat' dir='ltr'>maximique</span> <span class='ocrx_word' id='word_1_327' title='bbox 393 3364 558 3423; x_wconf 85' lang='lat' dir='ltr'>secuudum</span> <span class='ocrx_word' id='word_1_328' title='bbox 585 3363 715 3423; x_wconf 86' lang='lat' dir='ltr'>Deorum</span> <span class='ocrx_word' id='word_1_329' title='bbox 747 3381 818 3444; x_wconf 86' lang='lat' dir='ltr'>opes</span> <span class='ocrx_word' id='word_1_330' title='bbox 836 3363 952 3444; x_wconf 88' lang='lat' dir='ltr'>imperii</span> <span class='ocrx_word' id='word_1_331' title='bbox 972 3361 1160 3444; x_wconf 84' lang='lat' dir='ltr'>principium.</span> 
     </span>
     <span class='ocr_line' id='line_1_40' title="bbox 187 3441 1234 3525; baseline -0.006 -22"><span class='ocrx_word' id='word_1_332' title='bbox 187 3443 227 3503; x_wconf 81' lang='lat' dir='ltr'>Vi</span> <span class='ocrx_word' id='word_1_333' title='bbox 247 3459 412 3523; x_wconf 86' lang='lat' dir='ltr'>compressa</span> <span class='ocrx_word' id='word_1_334' title='bbox 431 3442 571 3512; x_wconf 69' lang='lat' dir='ltr'>Vestalis</span> <span class='ocrx_word' id='word_1_335' title='bbox 594 3463 686 3522; x_wconf 90' lang='lat' dir='ltr'>quum</span> <span class='ocrx_word' id='word_1_336' title='bbox 706 3445 855 3525; x_wconf 84' lang='lat' dir='ltr'>geminum</span> <span class='ocrx_word' id='word_1_337' title='bbox 878 3450 994 3524; x_wconf 80' lang='lat' dir='ltr'>partum</span> <span class='ocrx_word' id='word_1_338' title='bbox 1007 3441 1161 3510; x_wconf 84' lang='lat' dir='ltr'>edidisset,</span> <span class='ocrx_word' id='word_1_339' title='bbox 1232 3494 1234 3497; x_wconf 86' lang='lat'>.</span> 
     </span>
     <span class='ocr_line' id='line_1_41' title="bbox 186 3522 1234 3616; baseline -0.005 -32"><span class='ocrx_word' id='word_1_340' title='bbox 186 3543 239 3584; x_wconf 88' lang='lat' dir='ltr'>seu</span> <span class='ocrx_word' id='word_1_341' title='bbox 255 3523 297 3584; x_wconf 88' lang='lat' dir='ltr'>ita</span> <span class='ocrx_word' id='word_1_342' title='bbox 317 3533 391 3592; x_wconf 85' lang='lat' dir='ltr'>rata,</span> <span class='ocrx_word' id='word_1_343' title='bbox 412 3543 470 3602; x_wconf 88' lang='lat' dir='ltr'>seu</span> <span class='ocrx_word' id='word_1_344' title='bbox 487 3522 558 3616; x_wconf 87' lang='lat' dir='ltr'>quia</span> <span class='ocrx_word' id='word_1_345' title='bbox 578 3523 661 3583; x_wconf 88' lang='lat' dir='ltr'>Deus</span> <span class='ocrx_word' id='word_1_346' title='bbox 682 3531 786 3584; x_wconf 88' lang='lat' dir='ltr'>auctor</span> <span class='ocrx_word' id='word_1_347' title='bbox 808 3524 904 3604; x_wconf 79' lang='lat' dir='ltr'>culpae</span> <span class='ocrx_word' id='word_1_348' title='bbox 924 3524 1073 3583; x_wconf 88' lang='lat' dir='ltr'>honestior</span> <span class='ocrx_word' id='word_1_349' title='bbox 1084 3527 1160 3590; x_wconf 87' lang='lat' dir='ltr'>erat,</span> <span class='ocrx_word' id='word_1_350' title='bbox 1232 3551 1234 3556; x_wconf 94' lang='lat'><em>·</em></span> 
     </span>
     <span class='ocr_line' id='line_1_42' title="bbox 188 3599 1159 3685; baseline -0.007 -21"><span class='ocrx_word' id='word_1_351' title='bbox 188 3603 319 3664; x_wconf 82' lang='lat' dir='ltr'>Martem</span> <span class='ocrx_word' id='word_1_352' title='bbox 332 3603 455 3662; x_wconf 82' lang='lat' dir='ltr'>incertae</span> <span class='ocrx_word' id='word_1_353' title='bbox 469 3603 689 3683; x_wconf 84' lang='lat' dir='ltr'>stirpispatrem</span> <span class='ocrx_word' id='word_1_354' title='bbox 700 3612 863 3685; x_wconf 89' lang='lat' dir='ltr'>nuncupat.</span> <span class='ocrx_word' id='word_1_355' title='bbox 903 3604 963 3663; x_wconf 88' lang='lat' dir='ltr'>Sed</span> <span class='ocrx_word' id='word_1_356' title='bbox 973 3625 1028 3664; x_wconf 91' lang='lat' dir='ltr'>uec</span> <span class='ocrx_word' id='word_1_357' title='bbox 1038 3599 1096 3668; x_wconf 80' lang='lat' dir='ltr'>Ilii,</span> <span class='ocrx_word' id='word_1_358' title='bbox 1102 3619 1159 3659; x_wconf 93' lang='lat' dir='ltr'>nec</span> 
     </span>
     <span class='ocr_line' id='line_1_43' title="bbox 188 3679 1160 3765; baseline -0.005 -21"><span class='ocrx_word' id='word_1_359' title='bbox 188 3681 330 3753; x_wconf 83' lang='lat' dir='ltr'>homines,</span> <span class='ocrx_word' id='word_1_360' title='bbox 343 3689 396 3744; x_wconf 84' lang='lat' dir='ltr'>aut</span> <span class='ocrx_word' id='word_1_361' title='bbox 418 3683 522 3762; x_wconf 88' lang='lat' dir='ltr'>ipsam,</span> <span class='ocrx_word' id='word_1_362' title='bbox 535 3690 588 3744; x_wconf 90' lang='lat' dir='ltr'>aut</span> <span class='ocrx_word' id='word_1_363' title='bbox 613 3683 766 3764; x_wconf 86' lang='lat' dir='ltr'>stirpema¹</span> <span class='ocrx_word' id='word_1_364' title='bbox 778 3682 956 3745; x_wconf 82' lang='lat' dir='ltr'>cmdelitate</span> <span class='ocrx_word' id='word_1_365' title='bbox 969 3683 1048 3765; x_wconf 80' lang='lat' dir='ltr'>regia</span> <span class='ocrx_word' id='word_1_366' title='bbox 1061 3679 1160 3742; x_wconf 83' lang='lat' dir='ltr'>vindi·</span> 
     </span>
     <span class='ocr_line' id='line_1_44' title="bbox 190 3762 1234 3850; baseline -0.003 -25"><span class='ocrx_word' id='word_1_367' title='bbox 190 3773 269 3826; x_wconf 78' lang='lat' dir='ltr'>cant</span> <span class='ocrx_word' id='word_1_368' title='bbox 296 3763 441 3826; x_wconf 85' lang='lat' dir='ltr'>Sarcodos</span> <span class='ocrx_word' id='word_1_369' title='bbox 454 3764 556 3846; x_wconf 74' lang='lat' dir='ltr'>uincta</span> <span class='ocrx_word' id='word_1_370' title='bbox 567 3764 600 3826; x_wconf 89' lang='lat' dir='ltr'>iu</span> <span class='ocrx_word' id='word_1_371' title='bbox 613 3765 779 3829; x_wconf 84' lang='lat' dir='ltr'>custodiam</span> <span class='ocrx_word' id='word_1_372' title='bbox 798 3763 908 3838; x_wconf 79' lang='lat' dir='ltr'>datur3</span> <span class='ocrx_word' id='word_1_373' title='bbox 928 3784 1034 3850; x_wconf 87' lang='lat' dir='ltr'>pueros</span> <span class='ocrx_word' id='word_1_374' title='bbox 1047 3762 1079 3824; x_wconf 91' lang='lat' dir='ltr'>iu</span> <span class='ocrx_word' id='word_1_375' title='bbox 1091 3780 1157 3846; x_wconf 87' lang='lat' dir='ltr'>pro-</span> <span class='ocrx_word' id='word_1_376' title='bbox 1232 3788 1234 3843; x_wconf 68' lang='lat'>5</span> 
     </span>
    </p>
   </div>
   <div class='ocr_carea' id='block_1_3' title="bbox 0 0 1334 4392">
    <p class='ocr_par' dir='ltr' id='par_1_4' title="bbox 0 0 1334 4392">
     <span class='ocr_line' id='line_1_45' title="bbox 0 0 1334 4392; baseline 0 0"><span class='ocrx_word' id='word_1_377' title='bbox 0 0 1334 4392; x_wconf 95' lang='lat' dir='ltr'> </span> 
     </span>
    </p>
   </div>
  </div>
 </body>
</html>
