<?xml version="1.0" encoding="UTF-8"?>
<!DOCTYPE html PUBLIC "-//W3C//DTD XHTML 1.0 Transitional//EN"
    "http://www.w3.org/TR/xhtml1/DTD/xhtml1-transitional.dtd">
<html xmlns="http://www.w3.org/1999/xhtml" xml:lang="en" lang="en">
 <head>
  <title>
</title>
<meta http-equiv="Content-Type" content="text/html;charset=utf-8" />
  <meta name='ocr-system' content='tesseract 3.04.00' />
  <meta name='ocr-capabilities' content='ocr_page ocr_carea ocr_par ocr_line ocrx_word'/>
</head>
<body>
  <div class='ocr_page' id='page_1' title='image "./titiliviipatavi02livygoog_0051.png"; bbox 0 0 2634 4392; ppageno 0'>
   <div class='ocr_carea' id='block_1_1' title="bbox 540 284 1137 364">
    <p class='ocr_par' dir='ltr' id='par_1_1' title="bbox 540 284 1137 364">
     <span class='ocr_line' id='line_1_1' title="bbox 540 284 1137 364; baseline 0.002 -17"><span class='ocrx_word' id='word_1_1' title='bbox 540 284 730 356; x_wconf 77' lang='lat' dir='ltr'><strong>nissen.</strong></span> <span class='ocrx_word' id='word_1_2' title='bbox 903 353 908 362; x_wconf 61' lang='grc'><strong>,</strong></span> <span class='ocrx_word' id='word_1_3' title='bbox 1060 359 1061 364; x_wconf 8' lang='grc' dir='ltr'><strong><em>Ν</em></strong></span> <span class='ocrx_word' id='word_1_4' title='bbox 1098 289 1137 348; x_wconf 77' lang='lat' dir='ltr'><strong>ee</strong></span> 
     </span>
    </p>
   </div>
   <div class='ocr_carea' id='block_1_2' title="bbox 142 443 1143 849">
    <p class='ocr_par' dir='ltr' id='par_1_2' title="bbox 142 443 1143 849">
     <span class='ocr_line' id='line_1_2' title="bbox 142 443 1140 528; baseline -0.003 -19"><span class='ocrx_word' id='word_1_5' title='bbox 142 466 218 515; x_wconf 72' lang='lat' dir='ltr'><strong>mam</strong></span> <span class='ocrx_word' id='word_1_6' title='bbox 250 454 378 528; x_wconf 87' lang='lat' dir='ltr'><strong>uterque</strong></span> <span class='ocrx_word' id='word_1_7' title='bbox 410 445 581 518; x_wconf 78' lang='lat' dir='ltr'><strong>transfixus,</strong></span> <span class='ocrx_word' id='word_1_8' title='bbox 607 443 723 506; x_wconf 85' lang='lat' dir='ltr'><strong>duabus</strong></span> <span class='ocrx_word' id='word_1_9' title='bbox 755 444 903 506; x_wconf 75' lang='lat' dir='ltr'><strong>herentes</strong></span> <span class='ocrx_word' id='word_1_10' title='bbox 922 443 1017 506; x_wconf 80' lang='lat' dir='ltr'><strong>hastis</strong></span> <span class='ocrx_word' id='word_1_11' title='bbox 1049 445 1140 506; x_wconf 76' lang='lat' dir='ltr'><strong>mort-</strong></span> 
     </span>
     <span class='ocr_line' id='line_1_3' title="bbox 143 524 1140 607; baseline -0.006 -17"><span class='ocrx_word' id='word_1_12' title='bbox 143 529 231 596; x_wconf 87' lang='lat' dir='ltr'><strong>bundi</strong></span> <span class='ocrx_word' id='word_1_13' title='bbox 252 549 292 590; x_wconf 81' lang='lat' dir='ltr'><strong>ex</strong></span> <span class='ocrx_word' id='word_1_14' title='bbox 312 527 398 606; x_wconf 88' lang='lat' dir='ltr'><strong>equis</strong></span> <span class='ocrx_word' id='word_1_15' title='bbox 410 526 488 607; x_wconf 83' lang='lat' dir='ltr'><strong>lapsi</strong></span> <span class='ocrx_word' id='word_1_16' title='bbox 502 525 579 597; x_wconf 82' lang='lat' dir='ltr'><strong>sint3</strong></span> <span class='ocrx_word' id='word_1_17' title='bbox 600 524 733 586; x_wconf 89' lang='lat' dir='ltr'><strong>simulet</strong></span> <span class='ocrx_word' id='word_1_18' title='bbox 754 531 854 586; x_wconf 87' lang='lat' dir='ltr'><strong>cetera</strong></span> <span class='ocrx_word' id='word_1_19' title='bbox 874 524 1020 604; x_wconf 87' lang='lat' dir='ltr'><strong>equestris</strong></span> <span class='ocrx_word' id='word_1_20' title='bbox 1041 545 1140 606; x_wconf 84' lang='lat' dir='ltr'><strong>pugna</strong></span> 
     </span>
     <span class='ocr_line' id='line_1_4' title="bbox 144 604 1142 703; baseline -0.005 -35"><span class='ocrx_word' id='word_1_21' title='bbox 144 609 254 703; x_wconf 81' lang='lat' dir='ltr'><strong>coepit3</strong></span> <span class='ocrx_word' id='word_1_22' title='bbox 275 627 373 687; x_wconf 88' lang='lat' dir='ltr'><strong>neque</strong></span> <span class='ocrx_word' id='word_1_23' title='bbox 392 606 437 667; x_wconf 87' lang='lat' dir='ltr'><strong>ita</strong></span> <span class='ocrx_word' id='word_1_24' title='bbox 448 606 542 666; x_wconf 88' lang='lat' dir='ltr'><strong>multo</strong></span> <span class='ocrx_word' id='word_1_25' title='bbox 555 611 623 686; x_wconf 90' lang='lat' dir='ltr'><strong>post</strong></span> <span class='ocrx_word' id='word_1_26' title='bbox 644 612 676 666; x_wconf 91' lang='lat' dir='ltr'><strong>et</strong></span> <span class='ocrx_word' id='word_1_27' title='bbox 696 604 813 686; x_wconf 78' lang='lat' dir='ltr'>pedites</span> <span class='ocrx_word' id='word_1_28' title='bbox 834 604 1054 685; x_wconf 80' lang='lat' dir='ltr'><strong>superveniunt.</strong></span> <span class='ocrx_word' id='word_1_29' title='bbox 1085 605 1142 686; x_wconf 81' lang='lat' dir='ltr'><strong>lbi</strong></span> 
     </span>
     <span class='ocr_line' id='line_1_5' title="bbox 143 684 1142 768; baseline -0.005 -18"><span class='ocrx_word' id='word_1_30' title='bbox 143 698 223 750; x_wconf 70' lang='lat' dir='ltr'><strong>rant</strong></span> <span class='ocrx_word' id='word_1_31' title='bbox 236 686 374 756; x_wconf 66' lang='lat' dir='ltr'><strong>victoria,</strong></span> <span class='ocrx_word' id='word_1_32' title='bbox 387 693 419 748; x_wconf 91' lang='lat' dir='ltr'><strong>et</strong></span> <span class='ocrx_word' id='word_1_33' title='bbox 431 687 514 747; x_wconf 88' lang='lat' dir='ltr'><strong>velut</strong></span> <span class='ocrx_word' id='word_1_34' title='bbox 536 706 622 765; x_wconf 84' lang='lat' dir='ltr'><strong>aequo</strong></span> <span class='ocrx_word' id='word_1_35' title='bbox 643 687 745 748; x_wconf 88' lang='lat' dir='ltr'><strong>Marte</strong></span> <span class='ocrx_word' id='word_1_36' title='bbox 765 696 927 768; x_wconf 78' lang='lat' dir='ltr'><strong>pugnatum</strong></span> <span class='ocrx_word' id='word_1_37' title='bbox 949 692 1016 754; x_wconf 87' lang='lat' dir='ltr'><strong>est;</strong></span> <span class='ocrx_word' id='word_1_38' title='bbox 1036 684 1142 752; x_wconf 85' lang='lat' dir='ltr'><strong>dextra</strong></span> 
     </span>
     <span class='ocr_line' id='line_1_6' title="bbox 143 764 1143 849; baseline -0.007 -19"><span class='ocrx_word' id='word_1_39' title='bbox 143 769 282 849; x_wconf 87' lang='lat' dir='ltr'><strong>utrinque</strong></span> <span class='ocrx_word' id='word_1_40' title='bbox 295 767 407 829; x_wconf 85' lang='lat' dir='ltr'><strong>cornua</strong></span> <span class='ocrx_word' id='word_1_41' title='bbox 427 766 534 835; x_wconf 87' lang='lat' dir='ltr'><strong>vicere,</strong></span> <span class='ocrx_word' id='word_1_42' title='bbox 548 767 627 826; x_wconf 85' lang='lat' dir='ltr'><strong>laeva</strong></span> <span class='ocrx_word' id='word_1_43' title='bbox 651 771 800 846; x_wconf 80' lang='lat' dir='ltr'><strong>superata.</strong></span> <span class='ocrx_word' id='word_1_44' title='bbox 840 765 991 844; x_wconf 84' lang='lat' dir='ltr'><strong>Vejentss.</strong></span> <span class='ocrx_word' id='word_1_45' title='bbox 1004 764 1085 824; x_wconf 89' lang='lat' dir='ltr'><strong>vinci</strong></span> <span class='ocrx_word' id='word_1_46' title='bbox 1105 767 1143 829; x_wconf 87' lang='lat' dir='ltr'><strong>ab</strong></span> 
     </span>
    </p>
   </div>
   <div class='ocr_carea' id='block_1_3' title="bbox 143 845 1225 926">
    <p class='ocr_par' dir='ltr' id='par_1_3' title="bbox 143 845 1225 926">
     <span class='ocr_line' id='line_1_7' title="bbox 143 845 1225 926; baseline -0.007 -15"><span class='ocrx_word' id='word_1_47' title='bbox 143 851 276 910; x_wconf 86' lang='lat' dir='ltr'><strong>Romano</strong></span> <span class='ocrx_word' id='word_1_48' title='bbox 298 846 394 908; x_wconf 89' lang='lat' dir='ltr'><strong>milite</strong></span> <span class='ocrx_word' id='word_1_49' title='bbox 414 845 608 917; x_wconf 87' lang='lat' dir='ltr'><strong>assueti,fusi</strong></span> <span class='ocrx_word' id='word_1_50' title='bbox 627 845 659 905; x_wconf 84' lang='lat' dir='ltr'><strong>fe</strong></span> <span class='ocrx_word' id='word_1_51' title='bbox 696 846 789 926; x_wconf 85' lang='lat' dir='ltr'><strong>tique.</strong></span> <span class='ocrx_word' id='word_1_52' title='bbox 830 845 1068 924; x_wconf 82' lang='lat' dir='ltr'><strong>Tarquiniensis,</strong></span> <span class='ocrx_word' id='word_1_53' title='bbox 1088 865 1143 906; x_wconf 88' lang='lat' dir='ltr'><strong>no·</strong></span> <span class='ocrx_word' id='word_1_54' title='bbox 1224 859 1225 888; x_wconf 64' lang='lat' dir='ltr'><strong>l</strong></span> 
     </span>
    </p>
   </div>
   <div class='ocr_carea' id='block_1_4' title="bbox 142 918 1144 1090">
    <p class='ocr_par' dir='ltr' id='par_1_4' title="bbox 142 918 1144 1090">
     <span class='ocr_line' id='line_1_8' title="bbox 142 918 1144 1068; baseline 0 -80"><span class='ocrx_word' id='word_1_55' title='bbox 142 949 200 990; x_wconf 80' lang='lat' dir='ltr'><strong>vus</strong></span> <span class='ocrx_word' id='word_1_56' title='bbox 211 929 386 1068; x_wconf 58' lang='lat' dir='ltr'><strong>bostisipou</strong></span> <span class='ocrx_word' id='word_1_57' title='bbox 399 927 484 991; x_wconf 85' lang='lat' dir='ltr'><strong>stetit</strong></span> <span class='ocrx_word' id='word_1_58' title='bbox 504 925 609 1019; x_wconf 79' lang='lat' dir='ltr'><strong>solum,</strong></span> <span class='ocrx_word' id='word_1_59' title='bbox 623 946 655 987; x_wconf 88' lang='lat' dir='ltr'><strong>ee</strong></span> <span class='ocrx_word' id='word_1_60' title='bbox 692 925 782 987; x_wconf 87' lang='lat' dir='ltr'><strong>etiam</strong></span> <span class='ocrx_word' id='word_1_61' title='bbox 802 928 839 986; x_wconf 90' lang='lat' dir='ltr'><strong>ab</strong></span> <span class='ocrx_word' id='word_1_62' title='bbox 860 945 915 988; x_wconf 89' lang='lat' dir='ltr'><strong>sua</strong></span> <span class='ocrx_word' id='word_1_63' title='bbox 933 931 1018 1006; x_wconf 86' lang='lat' dir='ltr'><strong>parte</strong></span> <span class='ocrx_word' id='word_1_64' title='bbox 1032 918 1144 988; x_wconf 63' lang='lat' dir='ltr'><strong>Mmt-</strong></span> 
     </span>
     <span class='ocr_line' id='line_1_9' title="bbox 145 1029 326 1090; baseline -0.011 -21"><span class='ocrx_word' id='word_1_65' title='bbox 145 1029 213 1069; x_wconf 88' lang='lat' dir='ltr'><strong>num</strong></span> <span class='ocrx_word' id='word_1_66' title='bbox 262 1029 326 1090; x_wconf 77' lang='lat' dir='ltr'><strong>pur</strong></span> 
     </span>
    </p>
   </div>
   <div class='ocr_carea' id='block_1_5' title="bbox 182 1075 1225 1169">
    <p class='ocr_par' dir='ltr' id='par_1_5' title="bbox 182 1075 1225 1169">
     <span class='ocr_line' id='line_1_10' title="bbox 182 1075 1225 1169; baseline -0.05 21"><span class='ocrx_word' id='word_1_67' title='bbox 182 1089 227 1148; x_wconf 70' lang='lat' dir='ltr'><strong>VI</strong></span> <span class='ocrx_word' id='word_1_68' title='bbox 237 1131 255 1158; x_wconf 71' lang='grc'>”</span> <span class='ocrx_word' id='word_1_69' title='bbox 276 1088 324 1148; x_wconf 61' lang='lat' dir='ltr'><strong>Ita</strong></span> <span class='ocrx_word' id='word_1_70' title='bbox 337 1107 429 1167; x_wconf 69' lang='lat' dir='ltr'><strong>quum</strong></span> <span class='ocrx_word' id='word_1_71' title='bbox 443 1091 607 1169; x_wconf 56' lang='lat' dir='ltr'><strong>Pugnatum</strong></span> <span class='ocrx_word' id='word_1_72' title='bbox 620 1089 709 1155; x_wconf 65' lang='lat' dir='ltr'><strong>essselr</strong></span> <span class='ocrx_word' id='word_1_73' title='bbox 724 1090 825 1154; x_wconf 76' lang='lat' dir='ltr'><strong>tentus</strong></span> <span class='ocrx_word' id='word_1_74' title='bbox 839 1090 933 1146; x_wconf 87' lang='lat' dir='ltr'><strong>terror</strong></span> <span class='ocrx_word' id='word_1_75' title='bbox 946 1082 1146 1162; x_wconf 74' lang='lat' dir='ltr'><strong>Tarquinium</strong></span> <span class='ocrx_word' id='word_1_76' title='bbox 1224 1075 1225 1110; x_wconf 60' lang='lat' dir='ltr'><strong>l</strong></span> 
     </span>
    </p>
   </div>
   <div class='ocr_carea' id='block_1_6' title="bbox 92 1165 1149 1250">
    <p class='ocr_par' dir='ltr' id='par_1_6' title="bbox 92 1165 1149 1250">
     <span class='ocr_line' id='line_1_11' title="bbox 92 1165 1149 1250; baseline -0.008 -20"><span class='ocrx_word' id='word_1_77' title='bbox 92 1179 94 1184; x_wconf 88' lang='lat'>&#39;</span> <span class='ocrx_word' id='word_1_78' title='bbox 144 1175 234 1250; x_wconf 85' lang='lat' dir='ltr'><strong>atque</strong></span> <span class='ocrx_word' id='word_1_79' title='bbox 253 1169 399 1229; x_wconf 80' lang='lat' dir='ltr'><strong>Etruscos</strong></span> <span class='ocrx_word' id='word_1_80' title='bbox 412 1168 547 1243; x_wconf 74' lang='lat' dir='ltr'><strong>incessit,</strong></span> <span class='ocrx_word' id='word_1_81' title='bbox 562 1173 604 1236; x_wconf 89' lang='lat' dir='ltr'><strong>ut,</strong></span> <span class='ocrx_word' id='word_1_82' title='bbox 617 1165 726 1226; x_wconf 74' lang='lat' dir='ltr'><strong>onrissa</strong></span> <span class='ocrx_word' id='word_1_83' title='bbox 740 1165 824 1226; x_wconf 54' lang='lat' dir='ltr'><strong>irrita</strong></span> <span class='ocrx_word' id='word_1_84' title='bbox 837 1186 878 1234; x_wconf 89' lang='lat' dir='ltr'><strong>re,</strong></span> <span class='ocrx_word' id='word_1_85' title='bbox 892 1171 980 1224; x_wconf 77' lang='lat' dir='ltr'><strong>nocte</strong></span> <span class='ocrx_word' id='word_1_86' title='bbox 994 1167 1078 1224; x_wconf 89' lang='lat' dir='ltr'><strong>ambo</strong></span> <span class='ocrx_word' id='word_1_87' title='bbox 1093 1183 1149 1224; x_wconf 58' lang='lat' dir='ltr'><strong>exi·</strong></span> 
     </span>
    </p>
   </div>
   <div class='ocr_carea' id='block_1_7' title="bbox 143 1243 1225 1342">
    <p class='ocr_par' dir='ltr' id='par_1_7' title="bbox 143 1243 1225 1342">
     <span class='ocr_line' id='line_1_12' title="bbox 143 1243 1225 1342; baseline -0.006 -33"><span class='ocrx_word' id='word_1_88' title='bbox 143 1247 264 1318; x_wconf 78' lang='lat' dir='ltr'><strong>emitas,</strong></span> <span class='ocrx_word' id='word_1_89' title='bbox 277 1249 389 1329; x_wconf 81' lang='lat' dir='ltr'><strong>Vejens</strong></span> <span class='ocrx_word' id='word_1_90' title='bbox 402 1246 701 1342; x_wconf 76' lang='lat' dir='ltr'><strong>Tarquiniensisque,</strong></span> <span class='ocrx_word' id='word_1_91' title='bbox 722 1245 931 1324; x_wconf 81' lang='lat' dir='ltr'><strong>enusquisque</strong></span> <span class='ocrx_word' id='word_1_92' title='bbox 956 1243 1072 1304; x_wconf 88' lang='lat' dir='ltr'><strong>abirent</strong></span> <span class='ocrx_word' id='word_1_93' title='bbox 1092 1243 1146 1304; x_wconf 93' lang='lat' dir='ltr'><strong>do·</strong></span> <span class='ocrx_word' id='word_1_94' title='bbox 1224 1251 1225 1302; x_wconf 65' lang='grc' dir='ltr'>ἰ</span> 
     </span>
    </p>
   </div>
   <div class='ocr_carea' id='block_1_8' title="bbox 132 1323 1146 1462">
    <p class='ocr_par' dir='ltr' id='par_1_8' title="bbox 132 1323 1146 1462">
     <span class='ocr_line' id='line_1_13' title="bbox 132 1323 1146 1462; baseline -0.003 -73"><span class='ocrx_word' id='word_1_95' title='bbox 132 1349 214 1400; x_wconf 69' lang='lat' dir='ltr'><strong>,mos</strong></span> <span class='ocrx_word' id='word_1_96' title='bbox 268 1329 427 1409; x_wconf 82' lang='lat' dir='ltr'><strong>Adjiciunt</strong></span> <span class='ocrx_word' id='word_1_97' title='bbox 446 1328 590 1390; x_wconf 80' lang='lat' dir='ltr'><strong>miracula</strong></span> <span class='ocrx_word' id='word_1_98' title='bbox 609 1327 679 1388; x_wconf 89' lang='lat' dir='ltr'><strong>huic</strong></span> <span class='ocrx_word' id='word_1_99' title='bbox 699 1345 830 1408; x_wconf 79' lang='lat' dir='ltr'><strong>pugnae3</strong></span> <span class='ocrx_word' id='word_1_100' title='bbox 862 1323 982 1386; x_wconf 91' lang='lat' dir='ltr'><strong>silentio</strong></span> <span class='ocrx_word' id='word_1_101' title='bbox 1000 1323 1146 1462; x_wconf 72' lang='lat' dir='ltr'><strong>proximae</strong></span> 
     </span>
    </p>
   </div>
   <div class='ocr_carea' id='block_1_9' title="bbox 143 1401 1225 1492">
    <p class='ocr_par' dir='ltr' id='par_1_9' title="bbox 143 1401 1225 1492">
     <span class='ocr_line' id='line_1_14' title="bbox 143 1401 1225 1492; baseline -0.004 -23"><span class='ocrx_word' id='word_1_102' title='bbox 143 1409 242 1470; x_wconf 86' lang='lat' dir='ltr'><strong>noctis</strong></span> <span class='ocrx_word' id='word_1_103' title='bbox 263 1428 301 1470; x_wconf 83' lang='lat' dir='ltr'><strong>ex</strong></span> <span class='ocrx_word' id='word_1_104' title='bbox 320 1408 397 1471; x_wconf 70' lang='lat' dir='ltr'><strong>silva</strong></span> <span class='ocrx_word' id='word_1_105' title='bbox 418 1409 506 1471; x_wconf 84' lang='lat' dir='ltr'><strong>Arsia</strong></span> <span class='ocrx_word' id='word_1_106' title='bbox 524 1409 675 1490; x_wconf 86' lang='lat' dir='ltr'><strong>ingentem</strong></span> <span class='ocrx_word' id='word_1_107' title='bbox 689 1407 800 1468; x_wconf 87' lang='lat' dir='ltr'><strong>editam</strong></span> <span class='ocrx_word' id='word_1_108' title='bbox 820 1425 946 1476; x_wconf 86' lang='lat' dir='ltr'><strong>vocem;</strong></span> <span class='ocrx_word' id='word_1_109' title='bbox 967 1401 1000 1464; x_wconf 85' lang='lat' dir='ltr'><strong>si</strong></span> <span class='ocrx_word' id='word_1_110' title='bbox 1012 1403 1081 1466; x_wconf 88' lang='lat' dir='ltr'><strong>vani</strong></span> <span class='ocrx_word' id='word_1_111' title='bbox 1095 1421 1166 1465; x_wconf 86' lang='lat' dir='ltr'><strong>vo-·</strong></span> <span class='ocrx_word' id='word_1_112' title='bbox 1224 1453 1225 1492; x_wconf 44' lang='lat'>4</span> 
     </span>
    </p>
   </div>
   <div class='ocr_carea' id='block_1_10' title="bbox 144 1487 1148 1569">
    <p class='ocr_par' dir='ltr' id='par_1_10' title="bbox 144 1487 1148 1569">
     <span class='ocr_line' id='line_1_15' title="bbox 144 1487 1148 1569; baseline -0.008 -19"><span class='ocrx_word' id='word_1_113' title='bbox 144 1509 207 1550; x_wconf 87' lang='lat' dir='ltr'><strong>cern</strong></span> <span class='ocrx_word' id='word_1_114' title='bbox 224 1505 293 1548; x_wconf 85' lang='lat' dir='ltr'><strong>eam</strong></span> <span class='ocrx_word' id='word_1_115' title='bbox 307 1488 467 1558; x_wconf 77' lang='lat' dir='ltr'><strong>creditom3</strong></span> <span class='ocrx_word' id='word_1_116' title='bbox 486 1490 552 1550; x_wconf 85' lang='lat' dir='ltr'><strong>baec</strong></span> <span class='ocrx_word' id='word_1_117' title='bbox 575 1488 666 1558; x_wconf 80' lang='lat' dir='ltr'><strong>dicta,</strong></span> <span class='ocrx_word' id='word_1_118' title='bbox 680 1489 779 1548; x_wconf 88' lang='lat' dir='ltr'><strong>“Uno</strong></span> <span class='ocrx_word' id='word_1_119' title='bbox 792 1487 859 1569; x_wconf 90' lang='lat' dir='ltr'><strong>plus</strong></span> <span class='ocrx_word' id='word_1_120' title='bbox 881 1487 1076 1546; x_wconf 82' lang='lat' dir='ltr'><strong>Etruscorum</strong></span> <span class='ocrx_word' id='word_1_121' title='bbox 1098 1501 1148 1543; x_wconf 88' lang='lat' dir='ltr'><strong>ce·</strong></span> 
     </span>
    </p>
   </div>
   <div class='ocr_carea' id='block_1_11' title="bbox 142 1562 1225 1730">
    <p class='ocr_par' dir='ltr' id='par_1_11' title="bbox 142 1562 1225 1730">
     <span class='ocr_line' id='line_1_16' title="bbox 142 1562 1225 1641; baseline -0.003 -12"><span class='ocrx_word' id='word_1_122' title='bbox 142 1567 256 1630; x_wconf 85' lang='lat' dir='ltr'><strong>cidisse</strong></span> <span class='ocrx_word' id='word_1_123' title='bbox 277 1567 309 1626; x_wconf 92' lang='lat' dir='ltr'><strong>in</strong></span> <span class='ocrx_word' id='word_1_124' title='bbox 321 1570 407 1641; x_wconf 79' lang='lat' dir='ltr'><strong>ocie3</strong></span> <span class='ocrx_word' id='word_1_125' title='bbox 428 1569 549 1630; x_wconf 86' lang='lat' dir='ltr'><strong>vincere</strong></span> <span class='ocrx_word' id='word_1_126' title='bbox 569 1570 647 1630; x_wconf 91' lang='lat' dir='ltr'><strong>bello</strong></span> <span class='ocrx_word' id='word_1_127' title='bbox 669 1569 870 1630; x_wconf 87' lang='lat' dir='ltr'><strong>Romanum.”</strong></span> <span class='ocrx_word' id='word_1_128' title='bbox 913 1566 961 1626; x_wconf 83' lang='lat' dir='ltr'><strong>Ita</strong></span> <span class='ocrx_word' id='word_1_129' title='bbox 982 1562 1150 1626; x_wconf 70' lang='lat' dir='ltr'><strong>consinus</strong></span> <span class='ocrx_word' id='word_1_130' title='bbox 1224 1567 1225 1614; x_wconf 69' lang='grc' dir='ltr'><strong>ἓ</strong></span> 
     </span>
     <span class='ocr_line' id='line_1_17' title="bbox 142 1645 1225 1730; baseline -0.007 -19"><span class='ocrx_word' id='word_1_131' title='bbox 142 1648 243 1720; x_wconf 81' lang='lat' dir='ltr'><strong>obiere</strong></span> <span class='ocrx_word' id='word_1_132' title='bbox 258 1646 394 1720; x_wconf 78' lang='lat' dir='ltr'><strong>Romani,</strong></span> <span class='ocrx_word' id='word_1_133' title='bbox 406 1656 442 1709; x_wconf 83' lang='lat' dir='ltr'><strong>ut</strong></span> <span class='ocrx_word' id='word_1_134' title='bbox 454 1652 583 1712; x_wconf 87' lang='lat' dir='ltr'><strong>victores</strong></span> <span class='ocrx_word' id='word_1_135' title='bbox 594 1670 604 1719; x_wconf 90' lang='lat'>;</span> <span class='ocrx_word' id='word_1_136' title='bbox 624 1648 746 1710; x_wconf 80' lang='lat' dir='ltr'><strong>Etrusci</strong></span> <span class='ocrx_word' id='word_1_137' title='bbox 759 1668 812 1729; x_wconf 91' lang='lat' dir='ltr'><strong>pro</strong></span> <span class='ocrx_word' id='word_1_138' title='bbox 825 1645 923 1721; x_wconf 85' lang='lat' dir='ltr'><strong>victis.</strong></span> <span class='ocrx_word' id='word_1_139' title='bbox 964 1645 1054 1714; x_wconf 86' lang='lat' dir='ltr'><strong>Nam,</strong></span> <span class='ocrx_word' id='word_1_140' title='bbox 1067 1648 1151 1726; x_wconf 87' lang='lat' dir='ltr'><strong>post·</strong></span> <span class='ocrx_word' id='word_1_141' title='bbox 1224 1705 1225 1730; x_wconf 24' lang='lat' dir='ltr'><strong>p</strong></span> 
     </span>
    </p>
   </div>
   <div class='ocr_carea' id='block_1_12' title="bbox 92 1723 1153 2612">
    <p class='ocr_par' dir='ltr' id='par_1_12' title="bbox 92 1723 1153 2612">
     <span class='ocr_line' id='line_1_18' title="bbox 142 1723 1151 1808; baseline -0.003 -21"><span class='ocrx_word' id='word_1_142' title='bbox 142 1748 236 1808; x_wconf 86' lang='lat' dir='ltr'><strong>quam</strong></span> <span class='ocrx_word' id='word_1_143' title='bbox 261 1726 370 1798; x_wconf 84' lang='lat' dir='ltr'><strong>illuxit,</strong></span> <span class='ocrx_word' id='word_1_144' title='bbox 390 1749 446 1790; x_wconf 87' lang='lat' dir='ltr'><strong>nec</strong></span> <span class='ocrx_word' id='word_1_145' title='bbox 467 1728 535 1808; x_wconf 91' lang='lat' dir='ltr'><strong>quis</strong></span> <span class='ocrx_word' id='word_1_146' title='bbox 557 1749 626 1788; x_wconf 90' lang='lat' dir='ltr'><strong>uam</strong></span> <span class='ocrx_word' id='word_1_147' title='bbox 645 1728 773 1794; x_wconf 89' lang='lat' dir='ltr'><strong>hostium</strong></span> <span class='ocrx_word' id='word_1_148' title='bbox 795 1727 825 1788; x_wconf 90' lang='lat' dir='ltr'><strong>in</strong></span> <span class='ocrx_word' id='word_1_149' title='bbox 847 1733 1007 1806; x_wconf 90' lang='lat' dir='ltr'><strong>conspectu</strong></span> <span class='ocrx_word' id='word_1_150' title='bbox 1023 1732 1095 1791; x_wconf 86' lang='lat' dir='ltr'><strong>erat,</strong></span> <span class='ocrx_word' id='word_1_151' title='bbox 1115 1723 1151 1786; x_wconf 88' lang='lat' dir='ltr'><strong>P.</strong></span> 
     </span>
     <span class='ocr_line' id='line_1_19' title="bbox 142 1749 1152 1898; baseline 0.002 -32"><span class='ocrx_word' id='word_1_152' title='bbox 142 1806 285 1871; x_wconf 86' lang='lat' dir='ltr'><strong>Valerius</strong></span> <span class='ocrx_word' id='word_1_153' title='bbox 306 1808 412 1869; x_wconf 89' lang='lat' dir='ltr'><strong>consul</strong></span> <span class='ocrx_word' id='word_1_154' title='bbox 433 1807 528 1890; x_wconf 79' lang='lat' dir='ltr'><strong>spolie</strong></span> <span class='ocrx_word' id='word_1_155' title='bbox 536 1749 630 1889; x_wconf 79' lang='lat' dir='ltr'><strong>legit,</strong></span> <span class='ocrx_word' id='word_1_156' title='bbox 664 1807 909 1898; x_wconf 60' lang='lat' dir='ltr'><strong>triumphansque</strong></span> <span class='ocrx_word' id='word_1_157' title='bbox 933 1805 1004 1866; x_wconf 89' lang='lat' dir='ltr'><strong>inde</strong></span> <span class='ocrx_word' id='word_1_158' title='bbox 1025 1805 1152 1870; x_wconf 84' lang='lat' dir='ltr'><strong>Romam</strong></span> 
     </span>
     <span class='ocr_line' id='line_1_20' title="bbox 141 1882 1153 1969; baseline -0.002 -24"><span class='ocrx_word' id='word_1_159' title='bbox 141 1886 235 1948; x_wconf 89' lang='lat' dir='ltr'><strong>rediit</strong></span> <span class='ocrx_word' id='word_1_160' title='bbox 246 1909 255 1960; x_wconf 79' lang='lat' dir='ltr'><strong>i</strong></span> <span class='ocrx_word' id='word_1_161' title='bbox 279 1885 411 1969; x_wconf 73' lang='lat' dir='ltr'><strong>&#39;collegia</strong></span> <span class='ocrx_word' id='word_1_162' title='bbox 432 1882 532 1956; x_wconf 82' lang='lat' dir='ltr'><strong>sunus,</strong></span> <span class='ocrx_word' id='word_1_163' title='bbox 573 1892 666 1948; x_wconf 84' lang='lat' dir='ltr'><strong>uento</strong></span> <span class='ocrx_word' id='word_1_164' title='bbox 685 1892 749 1949; x_wconf 91' lang='lat' dir='ltr'><strong>tum</strong></span> <span class='ocrx_word' id='word_1_165' title='bbox 770 1886 867 1966; x_wconf 83' lang='lat' dir='ltr'><strong>potuit</strong></span> <span class='ocrx_word' id='word_1_166' title='bbox 887 1892 1038 1964; x_wconf 85' lang='lat' dir='ltr'><strong>apparatu,</strong></span> <span class='ocrx_word' id='word_1_167' title='bbox 1058 1883 1153 1956; x_wconf 68' lang='lat' dir='ltr'><strong>fecita</strong></span> 
     </span>
     <span class='ocr_line' id='line_1_21' title="bbox 140 1908 1151 2046; baseline -0.002 -20"><span class='ocrx_word' id='word_1_168' title='bbox 140 1966 198 2026; x_wconf 86' lang='lat' dir='ltr'><strong>sed</strong></span> <span class='ocrx_word' id='word_1_169' title='bbox 220 1967 317 2026; x_wconf 84' lang='lat' dir='ltr'><strong>multb</strong></span> <span class='ocrx_word' id='word_1_170' title='bbox 329 1970 427 2046; x_wconf 79' lang='lat' dir='ltr'><strong>majus</strong></span> <span class='ocrx_word' id='word_1_171' title='bbox 442 1965 529 2027; x_wconf 86' lang='lat' dir='ltr'><strong>morti</strong></span> <span class='ocrx_word' id='word_1_172' title='bbox 550 1908 643 2026; x_wconf 80' lang='lat' dir='ltr'><strong>decus</strong></span> <span class='ocrx_word' id='word_1_173' title='bbox 657 1965 777 2045; x_wconf 87' lang='lat' dir='ltr'><strong>publica</strong></span> <span class='ocrx_word' id='word_1_174' title='bbox 790 1965 847 2026; x_wconf 84' lang='lat' dir='ltr'><strong>fuit</strong></span> <span class='ocrx_word' id='word_1_175' title='bbox 861 1964 1013 2033; x_wconf 73' lang='lat' dir='ltr'><strong>moestitia,</strong></span> <span class='ocrx_word' id='word_1_176' title='bbox 1028 1965 1064 2024; x_wconf 76' lang='lat' dir='ltr'><strong>eb</strong></span> <span class='ocrx_word' id='word_1_177' title='bbox 1078 1968 1151 2028; x_wconf 85' lang='lat' dir='ltr'><strong>anto</strong></span> 
     </span>
     <span class='ocr_line' id='line_1_22' title="bbox 141 2043 1152 2126; baseline -0.006 -18"><span class='ocrx_word' id='word_1_178' title='bbox 141 2045 245 2109; x_wconf 86' lang='lat' dir='ltr'><strong>omnia</strong></span> <span class='ocrx_word' id='word_1_179' title='bbox 255 2045 390 2126; x_wconf 78' lang='lat' dir='ltr'><strong>insignis,</strong></span> <span class='ocrx_word' id='word_1_180' title='bbox 403 2046 473 2124; x_wconf 87' lang='lat' dir='ltr'><strong>quia</strong></span> <span class='ocrx_word' id='word_1_181' title='bbox 486 2051 629 2107; x_wconf 77' lang='lat' dir='ltr'><strong>mabooae</strong></span> <span class='ocrx_word' id='word_1_182' title='bbox 644 2063 766 2112; x_wconf 84' lang='lat' dir='ltr'><strong>annum,</strong></span> <span class='ocrx_word' id='word_1_183' title='bbox 780 2053 814 2103; x_wconf 89' lang='lat' dir='ltr'><strong>ut</strong></span> <span class='ocrx_word' id='word_1_184' title='bbox 826 2051 1070 2122; x_wconf 63' lang='lat' dir='ltr'><strong>parentem‘eum</strong></span> <span class='ocrx_word' id='word_1_185' title='bbox 1083 2043 1152 2107; x_wconf 54' lang='lat' dir='ltr'><strong>laxe</strong></span> 
     </span>
     <span class='ocr_line' id='line_1_23' title="bbox 142 2121 1152 2202; baseline -0.003 -16"><span class='ocrx_word' id='word_1_186' title='bbox 142 2132 245 2198; x_wconf 83' lang='lat' dir='ltr'><strong>erunt,</strong></span> <span class='ocrx_word' id='word_1_187' title='bbox 259 2125 340 2202; x_wconf 92' lang='lat' dir='ltr'><strong>quod</strong></span> <span class='ocrx_word' id='word_1_188' title='bbox 353 2130 416 2187; x_wconf 87' lang='lat' dir='ltr'><strong>tam</strong></span> <span class='ocrx_word' id='word_1_189' title='bbox 435 2143 504 2184; x_wconf 82' lang='lat' dir='ltr'><strong>acer</strong></span> <span class='ocrx_word' id='word_1_190' title='bbox 516 2124 597 2183; x_wconf 89' lang='lat' dir='ltr'><strong>ultor</strong></span> <span class='ocrx_word' id='word_1_191' title='bbox 611 2122 730 2184; x_wconf 83' lang='lat' dir='ltr'><strong>riolatae</strong></span> <span class='ocrx_word' id='word_1_192' title='bbox 765 2121 899 2182; x_wconf 87' lang='lat' dir='ltr'><strong>udicitiae</strong></span> <span class='ocrx_word' id='word_1_193' title='bbox 914 2122 1030 2184; x_wconf 85' lang='lat' dir='ltr'><strong>luisset.</strong></span> <span class='ocrx_word' id='word_1_194' title='bbox 1071 2123 1152 2184; x_wconf 83' lang='lat' dir='ltr'><strong>Con·</strong></span> 
     </span>
     <span class='ocr_line' id='line_1_24' title="bbox 92 2143 1153 2292; baseline -0.002 -26"><span class='ocrx_word' id='word_1_195' title='bbox 92 2234 93 2241; x_wconf 45' lang='lat'>¹</span> <span class='ocrx_word' id='word_1_196' title='bbox 142 2203 340 2271; x_wconf 85' lang='lat' dir='ltr'><strong>suli&#39;dsinde,</strong></span> <span class='ocrx_word' id='word_1_197' title='bbox 353 2201 405 2281; x_wconf 91' lang='lat' dir='ltr'><strong>qui</strong></span> <span class='ocrx_word' id='word_1_198' title='bbox 432 2201 632 2292; x_wconf 52' lang='lat' dir='ltr'><strong>capotuerat</strong></span> <span class='ocrx_word' id='word_1_199' title='bbox 642 2207 677 2258; x_wconf 89' lang='lat' dir='ltr'><strong>ut</strong></span> <span class='ocrx_word' id='word_1_200' title='bbox 690 2143 765 2262; x_wconf 77' lang='lat' dir='ltr'><strong>sunl</strong></span> <span class='ocrx_word' id='word_1_201' title='bbox 773 2200 930 2262; x_wconf 86' lang='lat' dir='ltr'><strong>mutabiles</strong></span> <span class='ocrx_word' id='word_1_202' title='bbox 956 2202 1037 2282; x_wconf 83' lang='lat' dir='ltr'><strong>vulgi</strong></span> <span class='ocrx_word' id='word_1_203' title='bbox 1051 2199 1153 2274; x_wconf 88' lang='lat' dir='ltr'><strong>animi,</strong></span> 
     </span>
     <span class='ocr_line' id='line_1_25' title="bbox 142 2279 1151 2360; baseline 0 -16"><span class='ocrx_word' id='word_1_204' title='bbox 142 2304 179 2349; x_wconf 81' lang='lat' dir='ltr'><strong>ex</strong></span> <span class='ocrx_word' id='word_1_205' title='bbox 192 2283 300 2345; x_wconf 80' lang='lat' dir='ltr'><strong>favore</strong></span> <span class='ocrx_word' id='word_1_206' title='bbox 314 2300 372 2343; x_wconf 92' lang='lat' dir='ltr'><strong>non</strong></span> <span class='ocrx_word' id='word_1_207' title='bbox 385 2280 500 2345; x_wconf 79' lang='lat' dir='ltr'><strong>inridre</strong></span> <span class='ocrx_word' id='word_1_208' title='bbox 519 2279 619 2353; x_wconf 60' lang='lat' dir='ltr'><strong>mode,</strong></span> <span class='ocrx_word' id='word_1_209' title='bbox 639 2279 693 2342; x_wconf 85' lang='lat' dir='ltr'><strong>sed</strong></span> <span class='ocrx_word' id='word_1_210' title='bbox 715 2279 843 2360; x_wconf 88' lang='lat' dir='ltr'><strong>suspicio</strong></span> <span class='ocrx_word' id='word_1_211' title='bbox 858 2279 948 2340; x_wconf 88' lang='lat' dir='ltr'><strong>etiam</strong></span> <span class='ocrx_word' id='word_1_212' title='bbox 973 2301 1041 2340; x_wconf 90' lang='lat' dir='ltr'><strong>cum</strong></span> <span class='ocrx_word' id='word_1_213' title='bbox 1055 2282 1151 2346; x_wconf 87' lang='lat' dir='ltr'><strong>atroci</strong></span> 
     </span>
     <span class='ocr_line' id='line_1_26' title="bbox 94 2359 1153 2442; baseline 0.005 -27"><span class='ocrx_word' id='word_1_214' title='bbox 94 2405 99 2415; x_wconf 87' lang='lat'><strong>.</strong></span> <span class='ocrx_word' id='word_1_215' title='bbox 143 2359 284 2430; x_wconf 75' lang='lat' dir='ltr'><strong>erimine,</strong></span> <span class='ocrx_word' id='word_1_216' title='bbox 296 2367 388 2438; x_wconf 55' lang='lat' dir='ltr'><strong>orto„</strong></span> <span class='ocrx_word' id='word_1_217' title='bbox 421 2361 559 2442; x_wconf 78' lang='lat' dir='ltr'><strong>Regnum</strong></span> <span class='ocrx_word' id='word_1_218' title='bbox 579 2379 646 2421; x_wconf 89' lang='lat' dir='ltr'><strong>eum</strong></span> <span class='ocrx_word' id='word_1_219' title='bbox 662 2359 812 2429; x_wconf 79' lang='lat' dir='ltr'><strong>affectare,</strong></span> <span class='ocrx_word' id='word_1_220' title='bbox 825 2359 904 2420; x_wconf 85' lang='lat' dir='ltr'><strong>fama</strong></span> <span class='ocrx_word' id='word_1_221' title='bbox 917 2359 1051 2430; x_wconf 78' lang='lat' dir='ltr'><strong>ferebdt3</strong></span> <span class='ocrx_word' id='word_1_222' title='bbox 1082 2361 1153 2440; x_wconf 84' lang='lat' dir='ltr'><strong>quia</strong></span> 
     </span>
     <span class='ocr_line' id='line_1_27' title="bbox 142 2439 1152 2510; baseline -0.005 -5"><span class='ocrx_word' id='word_1_223' title='bbox 142 2461 200 2505; x_wconf 87' lang='lat' dir='ltr'><strong>nec</strong></span> <span class='ocrx_word' id='word_1_224' title='bbox 217 2440 277 2503; x_wconf 90' lang='lat' dir='ltr'><strong>coll</strong></span> <span class='ocrx_word' id='word_1_225' title='bbox 316 2462 363 2502; x_wconf 81' lang='lat' dir='ltr'><strong>arn</strong></span> <span class='ocrx_word' id='word_1_226' title='bbox 385 2443 473 2502; x_wconf 79' lang='lat' dir='ltr'><strong>subto</strong></span> <span class='ocrx_word' id='word_1_227' title='bbox 511 2447 596 2505; x_wconf 84' lang='lat' dir='ltr'><strong>verat</strong></span> <span class='ocrx_word' id='word_1_228' title='bbox 615 2440 647 2501; x_wconf 89' lang='lat' dir='ltr'><strong>in</strong></span> <span class='ocrx_word' id='word_1_229' title='bbox 661 2440 760 2500; x_wconf 89' lang='lat' dir='ltr'><strong>locum</strong></span> <span class='ocrx_word' id='word_1_230' title='bbox 775 2440 872 2510; x_wconf 84' lang='lat' dir='ltr'><strong>Bruti,</strong></span> <span class='ocrx_word' id='word_1_231' title='bbox 886 2445 916 2503; x_wconf 89' lang='lat' dir='ltr'><strong>et</strong></span> <span class='ocrx_word' id='word_1_232' title='bbox 939 2439 1107 2500; x_wconf 79' lang='lat' dir='ltr'><strong>aedificabat</strong></span> <span class='ocrx_word' id='word_1_233' title='bbox 1119 2440 1152 2506; x_wconf 90' lang='lat' dir='ltr'><strong>in</strong></span> 
     </span>
     <span class='ocr_line' id='line_1_28' title="bbox 145 2462 1152 2612; baseline -0.002 -28"><span class='ocrx_word' id='word_1_234' title='bbox 145 2541 264 2584; x_wconf 83' lang='lat' dir='ltr'><strong>summa</strong></span> <span class='ocrx_word' id='word_1_235' title='bbox 306 2521 385 2594; x_wconf 65' lang='lat' dir='ltr'><strong>elias</strong></span> <span class='ocrx_word' id='word_1_236' title='bbox 404 2520 445 2587; x_wconf 86' lang='lat' dir='ltr'><strong>ibi</strong></span> <span class='ocrx_word' id='word_1_237' title='bbox 466 2462 527 2585; x_wconf 66' lang='lat' dir='ltr'><strong>rollo</strong></span> <span class='ocrx_word' id='word_1_238' title='bbox 542 2527 633 2602; x_wconf 84' lang='lat' dir='ltr'><strong>atque</strong></span> <span class='ocrx_word' id='word_1_239' title='bbox 647 2520 761 2586; x_wconf 87' lang='lat' dir='ltr'><strong>munito</strong></span> <span class='ocrx_word' id='word_1_240' title='bbox 775 2521 841 2581; x_wconf 90' lang='lat' dir='ltr'><strong>loc&#39;o</strong></span> <span class='ocrx_word' id='word_1_241' title='bbox 854 2540 953 2582; x_wconf 87' lang='lat' dir='ltr'><strong>arcem</strong></span> <span class='ocrx_word' id='word_1_242' title='bbox 966 2519 1152 2612; x_wconf 81' lang='lat' dir='ltr'><strong>inexpugna-</strong></span> 
     </span>
    </p>
   </div>
   <div class='ocr_carea' id='block_1_13' title="bbox 144 2593 1225 2930">
    <p class='ocr_par' dir='ltr' id='par_1_13' title="bbox 144 2593 1225 2930">
     <span class='ocr_line' id='line_1_29' title="bbox 144 2593 1225 2682; baseline -0.003 -17"><span class='ocrx_word' id='word_1_243' title='bbox 144 2602 238 2668; x_wconf 84' lang='lat' dir='ltr'><strong>bilem</strong></span> <span class='ocrx_word' id='word_1_244' title='bbox 252 2601 324 2665; x_wconf 81' lang='lat' dir='ltr'><strong>fore.</strong></span> <span class='ocrx_word' id='word_1_245' title='bbox 364 2601 443 2664; x_wconf 80' lang='lat' dir='ltr'><strong>Haec</strong></span> <span class='ocrx_word' id='word_1_246' title='bbox 467 2601 550 2667; x_wconf 84' lang='lat' dir='ltr'><strong>dicta</strong></span> <span class='ocrx_word' id='word_1_247' title='bbox 570 2601 659 2682; x_wconf 69' lang='lat' dir='ltr'><strong>vulgi)</strong></span> <span class='ocrx_word' id='word_1_248' title='bbox 680 2601 855 2680; x_wconf 79' lang='lat' dir='ltr'><strong>creditaque</strong></span> <span class='ocrx_word' id='word_1_249' title='bbox 869 2620 959 2681; x_wconf 89' lang='lat' dir='ltr'><strong>quum</strong></span> <span class='ocrx_word' id='word_1_250' title='bbox 974 2599 1152 2681; x_wconf 77' lang='lat' dir='ltr'><strong>indignitate</strong></span> <span class='ocrx_word' id='word_1_251' title='bbox 1224 2593 1225 2662; x_wconf 87' lang='lat' dir='ltr'><strong>l</strong></span> 
     </span>
     <span class='ocr_line' id='line_1_30' title="bbox 146 2680 1225 2764; baseline 0 -22"><span class='ocrx_word' id='word_1_252' title='bbox 146 2688 291 2764; x_wconf 82' lang='lat' dir='ltr'><strong>sugerent</strong></span> <span class='ocrx_word' id='word_1_253' title='bbox 304 2681 435 2743; x_wconf 91' lang='lat' dir='ltr'><strong>consulis</strong></span> <span class='ocrx_word' id='word_1_254' title='bbox 447 2682 588 2750; x_wconf 82' lang='lat' dir='ltr'><strong>animum.</strong></span> <span class='ocrx_word' id='word_1_255' title='bbox 599 2690 704 2744; x_wconf 83' lang='lat' dir='ltr'><strong>vocato</strong></span> <span class='ocrx_word' id='word_1_256' title='bbox 715 2681 754 2742; x_wconf 91' lang='lat' dir='ltr'><strong>ad</strong></span> <span class='ocrx_word' id='word_1_257' title='bbox 768 2680 927 2742; x_wconf 86' lang='lat' dir='ltr'><strong>concilium</strong></span> <span class='ocrx_word' id='word_1_258' title='bbox 939 2681 1059 2762; x_wconf 71' lang='lat' dir='ltr'><strong>populn-</strong></span> <span class='ocrx_word' id='word_1_259' title='bbox 1071 2700 1151 2743; x_wconf 87' lang='lat' dir='ltr'><strong>sum·</strong></span> <span class='ocrx_word' id='word_1_260' title='bbox 1224 2681 1225 2742; x_wconf 74' lang='lat' dir='ltr'><strong>j</strong></span> 
     </span>
     <span class='ocr_line' id='line_1_31' title="bbox 146 2761 1225 2830; baseline 0.004 -9"><span class='ocrx_word' id='word_1_261' title='bbox 146 2763 245 2824; x_wconf 88' lang='lat' dir='ltr'><strong>missis</strong></span> <span class='ocrx_word' id='word_1_262' title='bbox 259 2761 434 2829; x_wconf 85' lang='lat' dir='ltr'><strong>fascibusin</strong></span> <span class='ocrx_word' id='word_1_263' title='bbox 455 2762 627 2824; x_wconf 88' lang='lat' dir='ltr'><strong>concionem</strong></span> <span class='ocrx_word' id='word_1_264' title='bbox 641 2761 787 2827; x_wconf 84' lang='lat' dir='ltr'><strong>escendit.</strong></span> <span class='ocrx_word' id='word_1_265' title='bbox 829 2761 954 2822; x_wconf 81' lang='lat' dir='ltr'><strong>Gratum</strong></span> <span class='ocrx_word' id='word_1_266' title='bbox 970 2761 1000 2822; x_wconf 91' lang='lat' dir='ltr'><strong>id</strong></span> <span class='ocrx_word' id='word_1_267' title='bbox 1015 2761 1151 2825; x_wconf 89' lang='lat' dir='ltr'><strong>multitu·</strong></span> <span class='ocrx_word' id='word_1_268' title='bbox 1189 2824 1192 2830; x_wconf 87' lang='grc'><em>,</em></span> <span class='ocrx_word' id='word_1_269' title='bbox 1224 2797 1225 2830; x_wconf 81' lang='grc'>;</span> 
     </span>
     <span class='ocr_line' id='line_1_32' title="bbox 148 2841 1225 2930; baseline 0.002 -28"><span class='ocrx_word' id='word_1_270' title='bbox 148 2841 210 2910; x_wconf 83' lang='lat' dir='ltr'><strong>dini</strong></span> <span class='ocrx_word' id='word_1_271' title='bbox 226 2844 431 2924; x_wconf 69' lang='lat' dir='ltr'><strong>spectaculum</strong></span> <span class='ocrx_word' id='word_1_272' title='bbox 444 2842 522 2911; x_wconf 67' lang='lat' dir='ltr'><strong>tuin</strong></span> <span class='ocrx_word' id='word_1_273' title='bbox 556 2843 712 2905; x_wconf 86' lang='lat' dir='ltr'><strong>summissa</strong></span> <span class='ocrx_word' id='word_1_274' title='bbox 726 2841 781 2904; x_wconf 91' lang='lat' dir='ltr'><strong>sibi</strong></span> <span class='ocrx_word' id='word_1_275' title='bbox 795 2861 861 2904; x_wconf 91' lang='lat' dir='ltr'><strong>esse</strong></span> <span class='ocrx_word' id='word_1_276' title='bbox 874 2841 989 2924; x_wconf 88' lang='lat' dir='ltr'><strong>imperii</strong></span> <span class='ocrx_word' id='word_1_277' title='bbox 1002 2841 1152 2922; x_wconf 68' lang='lat' dir='ltr'><strong>insigniar</strong></span> <span class='ocrx_word' id='word_1_278' title='bbox 1224 2905 1225 2930; x_wconf 27' lang='lat' dir='ltr'><strong>p</strong></span> 
     </span>
    </p>
   </div>
   <div class='ocr_carea' id='block_1_14' title="bbox 149 2921 1162 3018">
    <p class='ocr_par' dir='ltr' id='par_1_14' title="bbox 149 2921 1162 3018">
     <span class='ocr_line' id='line_1_33' title="bbox 149 2921 1162 3018; baseline 0 -36"><span class='ocrx_word' id='word_1_279' title='bbox 149 2921 426 3016; x_wconf 80' lang='lat' dir='ltr'><strong>confessionemque</strong></span> <span class='ocrx_word' id='word_1_280' title='bbox 439 2921 549 2985; x_wconf 82' lang='lat' dir='ltr'><strong>factum</strong></span> <span class='ocrx_word' id='word_1_281' title='bbox 612 2923 685 3014; x_wconf 89' lang='lat' dir='ltr'><strong>puli,</strong></span> <span class='ocrx_word' id='word_1_282' title='bbox 699 2925 788 3018; x_wconf 71' lang='lat' dir='ltr'><strong>qulrn</strong></span> <span class='ocrx_word' id='word_1_283' title='bbox 809 2923 949 2993; x_wconf 89' lang='lat' dir='ltr'><strong>consulis,</strong></span> <span class='ocrx_word' id='word_1_284' title='bbox 964 2925 1162 3002; x_wconf 81' lang='lat' dir='ltr'><strong>majestatem·</strong></span> 
     </span>
    </p>
   </div>
   <div class='ocr_carea' id='block_1_15' title="bbox 147 2944 1225 3243">
    <p class='ocr_par' dir='ltr' id='par_1_15' title="bbox 147 2944 1225 3243">
     <span class='ocr_line' id='line_1_34' title="bbox 149 2944 1225 3084; baseline 0.003 -23"><span class='ocrx_word' id='word_1_285' title='bbox 149 3001 269 3084; x_wconf 79' lang='lat' dir='ltr'><strong>uimque</strong></span> <span class='ocrx_word' id='word_1_286' title='bbox 289 3022 432 3081; x_wconf 73' lang='lat' dir='ltr'><strong>majorem</strong></span> <span class='ocrx_word' id='word_1_287' title='bbox 452 3021 528 3065; x_wconf 88' lang='lat' dir='ltr'><strong>esse.</strong></span> <span class='ocrx_word' id='word_1_288' title='bbox 551 2944 629 3067; x_wconf 75' lang='lat' dir='ltr'><strong>¹illu</strong></span> <span class='ocrx_word' id='word_1_289' title='bbox 648 3003 753 3062; x_wconf 79' lang='lat' dir='ltr'><strong>audire</strong></span> <span class='ocrx_word' id='word_1_290' title='bbox 770 3003 858 3084; x_wconf 72' lang='lat' dir='ltr'><strong>jussi,</strong></span> <span class='ocrx_word' id='word_1_291' title='bbox 879 3003 982 3064; x_wconf 87' lang='lat' dir='ltr'><strong>consul</strong></span> <span class='ocrx_word' id='word_1_292' title='bbox 997 3013 1015 3040; x_wconf 84' lang='lat'><strong>“</strong></span> <span class='ocrx_word' id='word_1_293' title='bbox 1027 3002 1151 3064; x_wconf 86' lang='lat' dir='ltr'><strong>laudare</strong></span> <span class='ocrx_word' id='word_1_294' title='bbox 1224 3023 1225 3074; x_wconf 66' lang='grc' dir='ltr'><em>ῖ</em></span> 
     </span>
     <span class='ocr_line' id='line_1_35' title="bbox 147 3081 1225 3222; baseline 0.002 -80"><span class='ocrx_word' id='word_1_295' title='bbox 147 3081 299 3149; x_wconf 82' lang='lat' dir='ltr'><strong>fortunam</strong></span> <span class='ocrx_word' id='word_1_296' title='bbox 314 3081 449 3222; x_wconf 59' lang='lat' dir='ltr'><strong>collepae,</strong></span> <span class='ocrx_word' id='word_1_297' title='bbox 463 3081 554 3161; x_wconf 80' lang='lat' dir='ltr'><strong>qubd,</strong></span> <span class='ocrx_word' id='word_1_298' title='bbox 580 3081 705 3143; x_wconf 68' lang='lat' dir='ltr'><strong>liberate</strong></span> <span class='ocrx_word' id='word_1_299' title='bbox 727 3083 833 3162; x_wconf 60' lang='lat' dir='ltr'><strong>patril,</strong></span> <span class='ocrx_word' id='word_1_300' title='bbox 846 3081 878 3142; x_wconf 92' lang='lat' dir='ltr'><strong>in</strong></span> <span class='ocrx_word' id='word_1_301' title='bbox 898 3102 1012 3142; x_wconf 93' lang='lat' dir='ltr'><strong>summo</strong></span> <span class='ocrx_word' id='word_1_302' title='bbox 1033 3081 1152 3154; x_wconf 84' lang='lat' dir='ltr'><strong>honore,</strong></span> <span class='ocrx_word' id='word_1_303' title='bbox 1224 3093 1225 3144; x_wconf 67' lang='grc' dir='ltr'>ἑ</span> 
     </span>
     <span class='ocr_line' id='line_1_36' title="bbox 402 3161 1225 3243; baseline -0.005 -21"><span class='ocrx_word' id='word_1_304' title='bbox 402 3161 539 3232; x_wconf 89' lang='lat' dir='ltr'><strong>imicans,</strong></span> <span class='ocrx_word' id='word_1_305' title='bbox 552 3167 669 3225; x_wconf 76' lang='lat' dir='ltr'><strong>motura</strong></span> <span class='ocrx_word' id='word_1_306' title='bbox 693 3162 797 3243; x_wconf 67' lang='lat' dir='ltr'><strong>gloria,</strong></span> <span class='ocrx_word' id='word_1_307' title='bbox 810 3181 866 3222; x_wconf 90' lang='lat' dir='ltr'><strong>nec</strong></span> <span class='ocrx_word' id='word_1_308' title='bbox 880 3161 951 3222; x_wconf 88' lang='lat' dir='ltr'><strong>duro</strong></span> <span class='ocrx_word' id='word_1_309' title='bbox 970 3182 1002 3223; x_wconf 87' lang='lat' dir='ltr'><strong>se</strong></span> <span class='ocrx_word' id='word_1_310' title='bbox 1015 3167 1151 3226; x_wconf 86' lang='lat' dir='ltr'><strong>vertente</strong></span> <span class='ocrx_word' id='word_1_311' title='bbox 1224 3183 1225 3218; x_wconf 74' lang='lat'>1</span> 
     </span>
    </p>
   </div>
   <div class='ocr_carea' id='block_1_16' title="bbox 148 3162 1152 3324">
    <p class='ocr_par' dir='ltr' id='par_1_16' title="bbox 148 3162 1152 3324">
     <span class='ocr_line' id='line_1_37' title="bbox 168 3162 368 3223; baseline 0.005 -2"><span class='ocrx_word' id='word_1_312' title='bbox 168 3184 199 3223; x_wconf 92' lang='lat' dir='ltr'><strong>ro</strong></span> <span class='ocrx_word' id='word_1_313' title='bbox 215 3184 247 3223; x_wconf 90' lang='lat' dir='ltr'><strong>re</strong></span> <span class='ocrx_word' id='word_1_314' title='bbox 268 3162 368 3223; x_wconf 89' lang='lat' dir='ltr'><strong>ublica</strong></span> 
     </span>
     <span class='ocr_line' id='line_1_38' title="bbox 148 3181 1152 3324; baseline 0.004 -22"><span class='ocrx_word' id='word_1_315' title='bbox 148 3181 348 3312; x_wconf 82' lang='lat' dir='ltr'><strong>iniuridiam,</strong></span> <span class='ocrx_word' id='word_1_316' title='bbox 363 3248 487 3302; x_wconf 86' lang='lat' dir='ltr'><strong>mortem</strong></span> <span class='ocrx_word' id='word_1_317' title='bbox 497 3241 706 3314; x_wconf 81' lang='lat' dir='ltr'><strong>occubuisset3</strong></span> <span class='ocrx_word' id='word_1_318' title='bbox 727 3261 760 3302; x_wconf 90' lang='lat' dir='ltr'><strong>se</strong></span> <span class='ocrx_word' id='word_1_319' title='bbox 771 3241 960 3324; x_wconf 87' lang='lat' dir='ltr'><strong>superstitem</strong></span> <span class='ocrx_word' id='word_1_320' title='bbox 971 3241 1072 3323; x_wconf 81' lang='lat' dir='ltr'><strong>gloriae</strong></span> <span class='ocrx_word' id='word_1_321' title='bbox 1088 3263 1152 3306; x_wconf 79' lang='lat' dir='ltr'><strong>suae</strong></span> 
     </span>
    </p>
   </div>
   <div class='ocr_carea' id='block_1_17' title="bbox 149 3320 1225 3404">
    <p class='ocr_par' dir='ltr' id='par_1_17' title="bbox 149 3320 1225 3404">
     <span class='ocr_line' id='line_1_39' title="bbox 149 3320 1225 3404; baseline -0.001 -19"><span class='ocrx_word' id='word_1_322' title='bbox 149 3324 185 3385; x_wconf 79' lang='lat' dir='ltr'><strong>ad</strong></span> <span class='ocrx_word' id='word_1_323' title='bbox 201 3324 315 3386; x_wconf 70' lang='lat' dir='ltr'><strong>eumen</strong></span> <span class='ocrx_word' id='word_1_324' title='bbox 342 3329 433 3400; x_wconf 86' lang='lat' dir='ltr'><strong>atque</strong></span> <span class='ocrx_word' id='word_1_325' title='bbox 456 3320 600 3384; x_wconf 84' lang='lat' dir='ltr'><strong>invidiam</strong></span> <span class='ocrx_word' id='word_1_326' title='bbox 614 3342 790 3404; x_wconf 85' lang='lat' dir='ltr'><strong>superesss;</strong></span> <span class='ocrx_word' id='word_1_327' title='bbox 811 3342 848 3384; x_wconf 87' lang='lat' dir='ltr'><strong>ex</strong></span> <span class='ocrx_word' id='word_1_328' title='bbox 869 3322 1025 3386; x_wconf 87' lang='lat' dir='ltr'><strong>liberatore</strong></span> <span class='ocrx_word' id='word_1_329' title='bbox 1045 3322 1151 3402; x_wconf 70' lang='lat' dir='ltr'><strong>patrie</strong></span> <span class='ocrx_word' id='word_1_330' title='bbox 1224 3339 1225 3372; x_wconf 84' lang='lat'><strong><em>1</em></strong></span> 
     </span>
    </p>
   </div>
   <div class='ocr_carea' id='block_1_18' title="bbox 150 3402 1152 3888">
    <p class='ocr_par' dir='ltr' id='par_1_18' title="bbox 150 3402 1152 3888">
     <span class='ocr_line' id='line_1_40' title="bbox 150 3402 1150 3484; baseline -0.001 -21"><span class='ocrx_word' id='word_1_331' title='bbox 150 3404 187 3464; x_wconf 84' lang='lat' dir='ltr'><strong>ad</strong></span> <span class='ocrx_word' id='word_1_332' title='bbox 204 3403 355 3482; x_wconf 90' lang='lat' dir='ltr'><strong>Aquillios</strong></span> <span class='ocrx_word' id='word_1_333' title='bbox 369 3422 401 3462; x_wconf 89' lang='lat' dir='ltr'><strong>se</strong></span> <span class='ocrx_word' id='word_1_334' title='bbox 415 3402 613 3482; x_wconf 86' lang='lat' dir='ltr'><strong>Vitelliosque</strong></span> <span class='ocrx_word' id='word_1_335' title='bbox 628 3403 778 3464; x_wconf 87' lang='lat' dir='ltr'><strong>recidisse.</strong></span> <span class='ocrx_word' id='word_1_336' title='bbox 831 3403 1035 3484; x_wconf 86' lang='lat' dir='ltr'><strong>Nunquamne</strong></span> <span class='ocrx_word' id='word_1_337' title='bbox 1049 3403 1150 3484; x_wconf 84' lang='lat' dir='ltr'><strong>ergo,”</strong></span> 
     </span>
     <span class='ocr_line' id='line_1_41' title="bbox 150 3481 1151 3576; baseline 0 -35"><span class='ocrx_word' id='word_1_338' title='bbox 150 3482 260 3564; x_wconf 87' lang='lat' dir='ltr'><strong>inquit,</strong></span> <span class='ocrx_word' id='word_1_339' title='bbox 273 3493 291 3519; x_wconf 84' lang='lat'>“</span> <span class='ocrx_word' id='word_1_340' title='bbox 302 3483 362 3544; x_wconf 87' lang='lat' dir='ltr'><strong>ulla</strong></span> <span class='ocrx_word' id='word_1_341' title='bbox 375 3483 452 3545; x_wconf 79' lang='lat' dir='ltr'><strong>adeb</strong></span> <span class='ocrx_word' id='word_1_342' title='bbox 468 3483 484 3540; x_wconf 73' lang='lat' dir='ltr'><strong>l</strong></span> <span class='ocrx_word' id='word_1_343' title='bbox 497 3482 579 3544; x_wconf 87' lang='lat' dir='ltr'><strong>vobis</strong></span> <span class='ocrx_word' id='word_1_344' title='bbox 591 3490 725 3576; x_wconf 86' lang='lat' dir='ltr'><strong>spectata</strong></span> <span class='ocrx_word' id='word_1_345' title='bbox 745 3484 841 3544; x_wconf 88' lang='lat' dir='ltr'><strong>virtus</strong></span> <span class='ocrx_word' id='word_1_346' title='bbox 855 3482 921 3552; x_wconf 86' lang='lat' dir='ltr'><strong>erit,</strong></span> <span class='ocrx_word' id='word_1_347' title='bbox 935 3491 969 3543; x_wconf 89' lang='lat' dir='ltr'><strong>ut</strong></span> <span class='ocrx_word' id='word_1_348' title='bbox 982 3481 1151 3562; x_wconf 87' lang='lat' dir='ltr'><strong>suspicione</strong></span> 
     </span>
     <span class='ocr_line' id='line_1_42' title="bbox 150 3562 1152 3646; baseline 0 -22"><span class='ocrx_word' id='word_1_349' title='bbox 150 3562 257 3624; x_wconf 79' lang='lat' dir='ltr'><strong>violari</strong></span> <span class='ocrx_word' id='word_1_350' title='bbox 273 3563 422 3640; x_wconf 85' lang='lat' dir='ltr'><strong>nequeat?</strong></span> <span class='ocrx_word' id='word_1_351' title='bbox 445 3563 507 3644; x_wconf 79' lang='lat' dir='ltr'><strong>Ego</strong></span> <span class='ocrx_word' id='word_1_352' title='bbox 530 3584 586 3633; x_wconf 85' lang='lat' dir='ltr'><strong>me,</strong></span> <span class='ocrx_word' id='word_1_353' title='bbox 610 3564 695 3624; x_wconf 86' lang='lat' dir='ltr'><strong>rllum</strong></span> <span class='ocrx_word' id='word_1_354' title='bbox 721 3563 896 3625; x_wconf 88' lang='lat' dir='ltr'><strong>acerrimum</strong></span> <span class='ocrx_word' id='word_1_355' title='bbox 912 3583 1014 3646; x_wconf 86' lang='lat' dir='ltr'><strong>regum</strong></span> <span class='ocrx_word' id='word_1_356' title='bbox 1027 3563 1152 3631; x_wconf 74' lang='lat' dir='ltr'><strong>hostem,</strong></span> 
     </span>
     <span class='ocr_line' id='line_1_43' title="bbox 151 3640 1150 3727; baseline 0.004 -25"><span class='ocrx_word' id='word_1_357' title='bbox 151 3641 249 3723; x_wconf 86' lang='lat' dir='ltr'><strong>ipsum</strong></span> <span class='ocrx_word' id='word_1_358' title='bbox 264 3641 435 3722; x_wconf 81' lang='lat' dir='ltr'><strong>cupiditatis</strong></span> <span class='ocrx_word' id='word_1_359' title='bbox 449 3642 532 3727; x_wconf 83' lang='lat' dir='ltr'><strong>regni</strong></span> <span class='ocrx_word' id='word_1_360' title='bbox 546 3643 658 3706; x_wconf 88' lang='lat' dir='ltr'><strong>crimen</strong></span> <span class='ocrx_word' id='word_1_361' title='bbox 673 3643 837 3708; x_wconf 86' lang='lat' dir='ltr'><strong>subiturum</strong></span> <span class='ocrx_word' id='word_1_362' title='bbox 851 3643 1009 3706; x_wconf 81' lang='lat' dir='ltr'><strong>timerem?</strong></span> <span class='ocrx_word' id='word_1_363' title='bbox 1030 3643 1102 3723; x_wconf 80' lang='lat' dir='ltr'><strong>Ego,</strong></span> <span class='ocrx_word' id='word_1_364' title='bbox 1124 3640 1150 3707; x_wconf 84' lang='lat' dir='ltr'><strong>si</strong></span> 
     </span>
     <span class='ocr_line' id='line_1_44' title="bbox 152 3719 1149 3826; baseline -0.004 -44"><span class='ocrx_word' id='word_1_365' title='bbox 152 3719 181 3784; x_wconf 89' lang='lat' dir='ltr'><strong>in</strong></span> <span class='ocrx_word' id='word_1_366' title='bbox 196 3724 262 3826; x_wconf 83' lang='lat' dir='ltr'><strong>ipsa</strong></span> <span class='ocrx_word' id='word_1_367' title='bbox 275 3742 344 3814; x_wconf 76' lang='lat' dir='ltr'><strong>arce</strong></span> <span class='ocrx_word' id='word_1_368' title='bbox 359 3722 564 3803; x_wconf 86' lang='lat' dir='ltr'><strong>Capitolioque</strong></span> <span class='ocrx_word' id='word_1_369' title='bbox 573 3722 745 3794; x_wconf 70' lang='lat' dir='ltr'><strong>habitarero</strong></span> <span class='ocrx_word' id='word_1_370' title='bbox 758 3723 850 3786; x_wconf 87' lang='lat' dir='ltr'><strong>metui</strong></span> <span class='ocrx_word' id='word_1_371' title='bbox 863 3745 910 3786; x_wconf 87' lang='lat' dir='ltr'><strong>rue</strong></span> <span class='ocrx_word' id='word_1_372' title='bbox 922 3723 1072 3784; x_wconf 88' lang='lat' dir='ltr'><strong>crederem</strong></span> <span class='ocrx_word' id='word_1_373' title='bbox 1120 3741 1149 3784; x_wconf 56' lang='lat' dir='ltr'><strong>s,</strong></span> 
     </span>
     <span class='ocr_line' id='line_1_45' title="bbox 153 3802 1150 3888; baseline 0.001 -23"><span class='ocrx_word' id='word_1_374' title='bbox 153 3822 185 3865; x_wconf 86' lang='lat' dir='ltr'><strong>se</strong></span> <span class='ocrx_word' id='word_1_375' title='bbox 199 3827 217 3870; x_wconf 85' lang='lat' dir='ltr'><strong>a</strong></span> <span class='ocrx_word' id='word_1_376' title='bbox 230 3804 344 3870; x_wconf 75' lang='lat' dir='ltr'><strong>civibus</strong></span> <span class='ocrx_word' id='word_1_377' title='bbox 361 3802 462 3870; x_wconf 66' lang='lat' dir='ltr'><strong>mus?</strong></span> <span class='ocrx_word' id='word_1_378' title='bbox 494 3811 557 3871; x_wconf 78' lang='lat' dir='ltr'><strong>nm</strong></span> <span class='ocrx_word' id='word_1_379' title='bbox 570 3803 631 3871; x_wconf 81' lang='lat' dir='ltr'><strong>levi</strong></span> <span class='ocrx_word' id='word_1_380' title='bbox 649 3811 799 3874; x_wconf 79' lang='lat' dir='ltr'><strong>momento</strong></span> <span class='ocrx_word' id='word_1_381' title='bbox 818 3824 886 3872; x_wconf 83' lang='lat' dir='ltr'><strong>mes</strong></span> <span class='ocrx_word' id='word_1_382' title='bbox 905 3803 986 3888; x_wconf 84' lang='lat' dir='ltr'><strong>apud</strong></span> <span class='ocrx_word' id='word_1_383' title='bbox 998 3822 1052 3868; x_wconf 81' lang='lat' dir='ltr'><strong>ros</strong></span> <span class='ocrx_word' id='word_1_384' title='bbox 1102 3822 1150 3866; x_wconf 81' lang='lat' dir='ltr'><strong>nis</strong></span> 
     </span>
    </p>
   </div>
   <div class='ocr_carea' id='block_1_19' title="bbox 0 0 1335 4392">
    <p class='ocr_par' dir='ltr' id='par_1_19' title="bbox 0 0 1335 4392">
     <span class='ocr_line' id='line_1_46' title="bbox 0 0 1335 4392; baseline 0 0"><span class='ocrx_word' id='word_1_385' title='bbox 0 0 1335 4392; x_wconf 95' lang='lat' dir='ltr'><strong> </strong></span> 
     </span>
    </p>
   </div>
  </div>
 </body>
</html>
