2634 4392
162 308 241 383 iao!
307 253 311 259 ⁴
566 300 618 379 ‘'t.
638 305 746 381 mvn
796 362 798 367 .

163 474 229 556 jam
241 470 276 536 Ρ.
288 462 436 543 Valerium
461 464 566 536 'relicto
586 479 624 538 ad
645 478 797 559 portarurn
817 476 956 559 praesidia
969 474 1091 559 collega,
1108 468 1148 537 in·

144 611 147 618 .
167 559 300 616 Struebat
313 556 417 616 aciem.
468 556 641 618 Auctoritas
654 559 711 616 ‘viri
724 565 867 627 moverat,
880 558 1062 625 affirmantis,
1071 568 1087 593 “
1098 558 1150 617 Ca·

166 636 270 717 pitolio
290 642 475 716 recuperato,
500 642 533 694 et
558 640 631 696 urbe
652 645 771 728 pacata,
792 637 817 697 si
831 638 951 698 edoceri
980 658 1012 697 se
1039 640 1149 705 sissent,

165 737 235 795 quae
250 715 332 775 fraus
356 717 372 774 a
386 715 512 775 tribunis
526 718 689 776 occultam
702 718 769 797 lege
790 717 925 787 ferretur,
945 734 1101 777 memorem
1124 732 1150 776 se

165 799 312 883 majorqm
331 809 462 863 suorum,
481 815 640 856 memorem
667 796 857 889 cognominis,
878 790 961 877 qufd=
992 794 1091 877 populi
1109 816 1151 853 co-

166 874 250 935 lendi
264 877 348 933 velut
373 874 553 935 hereditaria
580 896 653 936 cura
667 876 722 936 sibi
750 878 939 937 ama'oribus
954 876 1061 936 tradita
1075 880 1151 943 essct,

168 954 327 1015 concilium
342 955 437 1035 plebis
464 974 522 1014 non
536 955 758 1037 impeditorum
844 974 902 1016 unc
929 957 1034 1015 ducem
1058 954 1151 1021 secuti,

168 1027 368 1114 nequicquam
381 1034 611 1094 reclamantibus
633 1036 771 1106 tribunis,
795 1037 825 1095 in
841 1036 952 1095 cliuum
964 1034 1152 1116 Capitolinum

168 1112 287 1193 erigunt
309 1114 402 1175 aciem
415 1134 424 1182 3
443 1112 615 1195 adjungitur
627 1123 659 1175 et
673 1116 847 1175 Tusculana
857 1116 954 1196 leglO;
983 1116 1091 1175 certare
1113 1132 1150 1171 so·

169 1192 209 1253 cii
237 1192 386 1272 ciuesque,
412 1194 473 1253 utri
501 1202 684 1275 recuperatae
709 1196 786 1254 arcis
800 1213 884 1254 suurn
907 1195 1001 1255 decus
1015 1194 1152 1261 facerem

169 1273 232 1333 dut
246 1279 371 1352 uterque
384 1292 454 1333 auos
468 1274 648 1334 adhortatur.
698 1274 863 1354 Trepidare
886 1281 951 1335 tum
967 1276 1082 1334 nostes:
1106 1290 1150 1330 nec

169 1352 224 1412 ulli
240 1351 312 1413 satis
326 1353 379 1421 rei,
404 1362 605 1433 praeterquam
617 1354 694 1424 loco,
721 1352 835 1423 fiderea
858 1354 1078 1434 trepidantibus
1090 1350 1153 1411 inle-

124 1446 130 1458 ·
169 1440 242 1492 runt
255 1431 338 1512 signa
362 1433 488 1492 Romani
500 1433 644 1512 sociique.
683 1436 751 1494 lam
774 1434 806 1493 in
820 1435 1150 1513 vestibulumperiupe·
1205 1452 1206 1459 ¹

169 1519 240 1571 rant
251 1512 365 1591 templi,
378 1532 470 1591 quum
484 1513 518 1571 P.-
543 1513 691 1581 Valerios,
716 1514 796 1584 inter
808 1514 952 1594 primores
975 1532 1099 1595 pugnam
1120 1509 1152 1568 ci·
1205 1536 1206 1591 j

170 1605 233 1662 ens,
254 1591 441 1650 interficitur.
483 1593 516 1651 Ρ.
534 1592 712 1652 Volumnius
725 1593 889 1652 consularis
903 1593 979 1653 vidit
994 1593 1153 1657 cadentem}

170 1671 208 1741 is,
221 1672 292 1731 dato
305 1671 423 1752 negotio
436 1671 508 1741 suis,
521 1680 556 1732 ut
569 1686 676 1753 corpus
690 1675 870 1753 obtegerent,
884 1673 947 1752 ipse
970 1674 1001 1731 in
1017 1674 1107 1731 locum
1119 1668 1152 1725 vi·
1206 1662 1208 1723 J

172 1770 298 1831 ceraque
322 1752 453 1812 consulis
467 1753 611 1832 provulata
665 1753 732 1811 Prae
760 1752 865 1813 ardore
884 1752 1056 1832 impetuque
1075 1756 1154 1809 tante
1205 1778 1208 1857 p

172 1831 216 1893 rei
238 1851 343 1892 sensus
358 1852 415 1891 non
443 1833 578 1912 pervenit
604 1832 642 1892 ad
670 1832 815 1902 militem3
843 1833 925 1911 prins
939 1832 1021 1899 vicit,
1034 1832 1154 1907 qnfmse
1206 1866 1207 1887 1

171 1932 305 1993 pugnare
319 1912 383 1971 sine
396 1912 474 1970 (luce
487 1912 621 1971 sentinata
675 1910 769 1971 Multi
784 1914 918 1971 exsulum
934 1913 1017 1970 caede
1044 1916 1094 1967 suf.
1110 1906 1124 1965 f
1146 1938 1154 1949 ·
1204 1890 1208 1966 i

173 1992 283 2050 devere
296 1992 461 2068 templum}
488 1991 576 2049 multi
595 1990 655 2049 vivi
677 1991 778 2069 capti3
799 1993 971 2067 Herdonius
984 1987 1155 2049 interfectus
1206 1992 1208 2033 l

169 2072 221 2133 lu·
233 2071 412 2150 Capitolium
426 2076 642 2148 recuperatum.
684 2070 730 2129 De
755 2060 890 2151 captivis,
909 2073 1081 2149 utquisque
1095 2068 1155 2126 liber
1206 2122 1208 2157 Ι

166 2158 527 2232 >autse1·vusesset,sue
548 2148 676 2211 fortune
699 2154 715 2210 el
742 2170 859 2232 quoque
881 2160 1031 2231 sumptum
1057 2144 1155 2229 suppli·
1205 2160 1208 2177 ⁴

172 2230 250 2290 oium
266 2240 321 2291 ent.
371 2230 553 2292 Tusculanis
572 2238 675 2312 gratiae
691 2230 788 2291 actae:
820 2231 1001 2310 Capitolium
1017 2238 1155 2309 purgatum

172 2320 262 2390 atque
272 2312 441 2374 lustratum·
481 2311 518 2369 ln
532 2312 662 2371 consulis
676 2311 794 2370 domum
810 2312 910 2391 plebes
924 2312 1111 2389 quadrantes,
1129 2306 1155 2360 ul

112 2440 115 2445 .
170 2391 278 2453 firnere
289 2392 430 2469 ampliore
445 2387 606 2458 efferretur,
616 2393 752 2469 jactasse
767 2390 869 2449 sertum

213 2471 296 2534 xix.
317 2472 395 2537 Pace
421 2475 517 2549 part?⁵
536 2470 648 2529 instare
668 2478 732 2528 torn
751 2469 862 2529 tribuni
884 2469 1031 2539 PatribuS,
1051 2479 1069 2505 “
1081 2470 1110 2524 ut
1128 2462 1154 2521 P.

172 2550 286 2610 Valerii
313 2550 403 2611 fidem
424 2549 613 2609 exsolverent
622 2551 653 2609 :”
675 2548 786 2609 instare
807 2549 944 2617 Claudio,
964 2562 982 2587 “
996 2558 1030 2608 ut
1050 2546 1154 2621 eollegae

110 2653 111 2656 ¹
168 2630 254 2689 ileos
267 2646 368 2691 inanes
381 2629 489 2689 froude
503 2629 651 2698 liberaret,
666 2629 713 2709 agi
730 2630 767 2689 de
782 2630 845 2695 lene
861 2629 1005 2687 sineret„
1046 2619 1153 2686 Consul,

110 2707 111 2710 ’
172 2719 360 2789 “antequam
391 2709 534 2789 collegam
556 2710 611 2769 sibi
643 2710 864 2788 subrogtsset‚’'
886 2728 1004 2787 negare,
1038 2718 1154 2787 “passu-

172 2807 237 2850 rum
260 2790 306 2869 ogi
319 2791 357 2851 de
372 2790 469 2870 lege?
496 2789 568 2852 ‘Hoe
582 2796 705 2848 tenuere
726 2788 931 2846 contentiones
945 2803 1041 2865 usque
1062 2786 1098 2845 ad
1116 2799 1154 2839 co·

172 2870 257 2930 initia
277 2869 408 2932 consulis
429 2868 614 2949 subrogandi.
668 2867 826 2927 Decembri
845 2888 957 2936 mense,
977 2885 1090 2926 summo
1109 2862 1153 2919 Pa·
1208 2908 1209 2927 2

171 2955 251 3009 trum
264 2948 375 3019 studio,
388 2950 425 3008 L.
439 2948 597 3022 Quinctius
611 2947 818 3017 Cincinnatus,
832 2958 914 3027 pater
929 2946 1077 3011 Kaesonis
1097 2956 1154 3000 con·

172 3031 221 3090 sul
242 3037 370 3099 creatur,
390 3028 442 3109 qui
469 3027 673 3110 magistratum
698 3028 797 3087 'statim
819 3028 976 3108 occiperet.
1028 3020 1155 3084 Perculsa

171 3119 236 3169 crat
250 3110 361 3191 plebes,
382 3108 533 3169 consulem
547 3109 683 3171 habitura
702 3108 820 3175 iratum,
833 3116 983 3186 potentem
999 3106 1096 3165 favore
1110 3100 1154 3157 Pa·

125 3220 128 3225 ·
172 3196 263 3259 trum,
277 3190 387 3251 virtute
400 3195 466 3259 sut,
478 3188 573 3248 tribus
594 3188 704 3255 liberis,
718 3206 842 3263 quorum
863 3206 949 3245 nemo
976 3181 1099 3245 Kasoni
1117 3194 1155 3235 ce·

173 3269 263 3329 debat
276 3270 478 3349 magnitudine
492 3268 605 3337 animi3
635 3266 789 3325 eonsilium
805 3272 835 3325 et
862 3266 981 3326 inodum
995 3256 1156 3348 adhibendos

173 3350 225 3407 nbi
248 3367 296 3408 res
323 3358 468 3429 posceret,
491 3348 604 3428 priores
625 3354 718 3405 erant.
760 3346 800 3415 ls,
822 3354 856 3406 ut
876 3346 1080 3427 magistratum
1094 3340 1156 3399 inni,

175 3429 304 3507 pssiduis
316 3429 507 3488 concionibus
527 3448 581 3508 pro
594 3424 741 3493 tribunali,
763 3445 820 3485 non
842 3426 872 3485 in
895 3427 980 3507 plebe
995 3416 1157 3484 coercenda,

174 3527 264 3588 quam
278 3516 383 3568 senatu
405 3508 587 3588 castigando,
608 3505 810 3565 vehementior
823 3506 899 3565 suit:
929 3517 947 3541 ‘⁸
960 3508 1045 3585 cujus
1059 3492 1157 3561 ordiris

173 3588 316 3670 languore
335 3589 472 3669 perpetui
487 3590 551 3667 jam
574 3586 685 3645 tribuni
705 3584 808 3665 plebis,
828 3604 887 3645 non
909 3593 944 3645 ut
962 3586 995 3645 in
1022 3574 1158 3673 republica

174 3668 275 3749 populi
289 3668 427 3737 Romani,
445 3673 498 3726 sed
513 3677 547 3726 ut
572 3670 603 3724 in
621 3664 739 3747 perdita
753 3666 849 3733 domo,
862 3664 963 3745 lingua
985 3659 1157 3723 crinnmtus·

175 3768 235 3829 que
248 3756 416 3829 regnarent.
469 3747 546 3805 Cum
567 3746 697 3804 Kaesone
712 3745 773 3804 lilio
793 3764 846 3803 suo
859 3744 1009 3813 virtutem,
1029 3741 1158 3800 constan·

173 3830 257 3897 tiam‚
277 3830 376 3889 omnia
390 3823 559 3907 juventutis
579 3824 651 3884 belli
665 3825 803 3904 domique
827 3825 932 3885 decora
957 3824 1040 3905 pulsa
1060 3836 1095 3879 er
1114 3828 1157 3903 ur·

172 3900 211 3966 le
235 3903 372 3969 nunna
399 3915 432 3969 et
450 3906 553 3988 fugata
571 3923 660 3979 esset
676 3900 830 3986 loquaces,
863 3904 1026 3973 seditiosos,
1053 3906 1157 3959 renunt
