<?xml version="1.0" encoding="UTF-8"?>
<!DOCTYPE html PUBLIC "-//W3C//DTD XHTML 1.0 Transitional//EN"
    "http://www.w3.org/TR/xhtml1/DTD/xhtml1-transitional.dtd">
<html xmlns="http://www.w3.org/1999/xhtml" xml:lang="en" lang="en">
 <head>
  <title>
</title>
<meta http-equiv="Content-Type" content="text/html;charset=utf-8" />
  <meta name='ocr-system' content='tesseract 3.04.00' />
  <meta name='ocr-capabilities' content='ocr_page ocr_carea ocr_par ocr_line ocrx_word'/>
</head>
<body>
  <div class='ocr_page' id='page_1' title='image "./titiliviipatavi02livygoog_0201.png"; bbox 0 0 2634 4392; ppageno 0'>
   <div class='ocr_carea' id='block_1_1' title="bbox 311 227 1134 339">
    <p class='ocr_par' dir='ltr' id='par_1_1' title="bbox 311 227 1134 339">
     <span class='ocr_line' id='line_1_1' title="bbox 311 227 1134 339; baseline -0.007 -11"><span class='ocrx_word' id='word_1_1' title='bbox 311 239 315 248; x_wconf 81' lang='grc'>’</span> <span class='ocrx_word' id='word_1_2' title='bbox 428 303 431 308; x_wconf 90' lang='grc'>-</span> <span class='ocrx_word' id='word_1_3' title='bbox 503 261 701 328; x_wconf 71' lang='lat' dir='ltr'><strong>eranum.</strong></span> <span class='ocrx_word' id='word_1_4' title='bbox 1052 227 1134 339; x_wconf 68' lang='lat' dir='ltr'><strong>ars]</strong></span> 
     </span>
    </p>
   </div>
   <div class='ocr_carea' id='block_1_2' title="bbox 108 421 1213 3942">
    <p class='ocr_par' dir='ltr' id='par_1_2' title="bbox 120 421 1213 3039">
     <span class='ocr_line' id='line_1_2' title="bbox 157 421 1198 516; baseline -0.002 -30"><span class='ocrx_word' id='word_1_5' title='bbox 157 423 222 486; x_wconf 79' lang='lat' dir='ltr'><strong>Lu.</strong></span> <span class='ocrx_word' id='word_1_6' title='bbox 240 423 302 489; x_wconf 78' lang='lat' dir='ltr'><strong>scd</strong></span> <span class='ocrx_word' id='word_1_7' title='bbox 314 425 403 504; x_wconf 41' lang='lat' dir='ltr'><strong>,nulla</strong></span> <span class='ocrx_word' id='word_1_8' title='bbox 429 430 496 486; x_wconf 88' lang='lat' dir='ltr'><strong>erat</strong></span> <span class='ocrx_word' id='word_1_9' title='bbox 508 421 674 486; x_wconf 88' lang='lat' dir='ltr'><strong>consularis</strong></span> <span class='ocrx_word' id='word_1_10' title='bbox 701 423 789 493; x_wconf 88' lang='lat' dir='ltr'><strong>actio,</strong></span> <span class='ocrx_word' id='word_1_11' title='bbox 809 442 899 516; x_wconf 86' lang='lat' dir='ltr'><strong>quam</strong></span> <span class='ocrx_word' id='word_1_12' title='bbox 920 421 1113 504; x_wconf 84' lang='lat' dir='ltr'><strong>impediendo</strong></span> <span class='ocrx_word' id='word_1_13' title='bbox 1195 459 1198 467; x_wconf 91' lang='lat'>·</span> 
     </span>
     <span class='ocr_line' id='line_1_3' title="bbox 120 503 1115 590; baseline -0.002 -24"><span class='ocrx_word' id='word_1_14' title='bbox 120 505 157 575; x_wconf 91' lang='lat' dir='ltr'><strong>id,</strong></span> <span class='ocrx_word' id='word_1_15' title='bbox 176 505 256 588; x_wconf 92' lang='lat' dir='ltr'><strong>quod</strong></span> <span class='ocrx_word' id='word_1_16' title='bbox 269 507 421 590; x_wconf 86' lang='lat' dir='ltr'><strong>petebant,</strong></span> <span class='ocrx_word' id='word_1_17' title='bbox 442 503 666 587; x_wconf 77' lang='lat' dir='ltr'>exprimerent:</span> <span class='ocrx_word' id='word_1_18' title='bbox 686 521 780 585; x_wconf 89' lang='lat' dir='ltr'><strong>quum</strong></span> <span class='ocrx_word' id='word_1_19' title='bbox 792 509 869 565; x_wconf 75' lang='lat' dir='ltr'><strong>mira</strong></span> <span class='ocrx_word' id='word_1_20' title='bbox 881 503 1115 585; x_wconf 84' lang='lat' dir='ltr'><strong>opportunitate,</strong></span> 
     </span>
     <span class='ocr_line' id='line_1_4' title="bbox 120 582 1200 678; baseline -0.001 -34"><span class='ocrx_word' id='word_1_21' title='bbox 120 585 245 649; x_wconf 70' lang='lat' dir='ltr'><strong>Volscos</strong></span> <span class='ocrx_word' id='word_1_22' title='bbox 260 582 434 678; x_wconf 75' lang='lat' dir='ltr'><strong>etAEquos</strong></span> <span class='ocrx_word' id='word_1_23' title='bbox 453 585 623 667; x_wconf 87' lang='lat' dir='ltr'><strong>praedatum</strong></span> <span class='ocrx_word' id='word_1_24' title='bbox 643 591 729 648; x_wconf 85' lang='lat' dir='ltr'><strong>extra</strong></span> <span class='ocrx_word' id='word_1_25' title='bbox 748 583 825 647; x_wconf 85' lang='lat' dir='ltr'><strong>fines</strong></span> <span class='ocrx_word' id='word_1_26' title='bbox 838 583 935 644; x_wconf 78' lang='lat' dir='ltr'><strong>exisse</strong></span> <span class='ocrx_word' id='word_1_27' title='bbox 954 583 987 644; x_wconf 90' lang='lat' dir='ltr'><strong>in</strong></span> <span class='ocrx_word' id='word_1_28' title='bbox 1007 603 1113 665; x_wconf 82' lang='lat' dir='ltr'><strong>agrum</strong></span> <span class='ocrx_word' id='word_1_29' title='bbox 1195 600 1200 610; x_wconf 91' lang='lat'>·</span> 
     </span>
     <span class='ocr_line' id='line_1_5' title="bbox 120 663 1114 744; baseline -0.005 -16"><span class='ocrx_word' id='word_1_30' title='bbox 120 665 258 728; x_wconf 89' lang='lat' dir='ltr'><strong>Latinum</strong></span> <span class='ocrx_word' id='word_1_31' title='bbox 279 665 515 744; x_wconf 86' lang='lat' dir='ltr'><strong>Hermcumque,</strong></span> <span class='ocrx_word' id='word_1_32' title='bbox 535 663 658 726; x_wconf 83' lang='lat' dir='ltr'><strong>affertur</strong></span> <span class='ocrx_word' id='word_1_33' title='bbox 668 685 679 738; x_wconf 81' lang='lat'>3</span> <span class='ocrx_word' id='word_1_34' title='bbox 712 663 751 726; x_wconf 89' lang='lat' dir='ltr'><strong>ad</strong></span> <span class='ocrx_word' id='word_1_35' title='bbox 771 664 852 744; x_wconf 93' lang='lat' dir='ltr'><strong>quod</strong></span> <span class='ocrx_word' id='word_1_36' title='bbox 871 663 984 724; x_wconf 88' lang='lat' dir='ltr'><strong>bellum</strong></span> <span class='ocrx_word' id='word_1_37' title='bbox 1003 663 1055 725; x_wconf 92' lang='lat' dir='ltr'><strong>ubi</strong></span> <span class='ocrx_word' id='word_1_38' title='bbox 1075 682 1114 724; x_wconf 87' lang='lat' dir='ltr'><strong>ex</strong></span> 
     </span>
     <span class='ocr_line' id='line_1_6' title="bbox 121 743 1115 824; baseline -0.004 -17"><span class='ocrx_word' id='word_1_39' title='bbox 121 746 376 807; x_wconf 78' lang='lat' dir='ltr'><strong>senatusconsulto</strong></span> <span class='ocrx_word' id='word_1_40' title='bbox 396 745 535 806; x_wconf 88' lang='lat' dir='ltr'><strong>consules</strong></span> <span class='ocrx_word' id='word_1_41' title='bbox 556 744 709 808; x_wconf 88' lang='lat' dir='ltr'><strong>delectum</strong></span> <span class='ocrx_word' id='word_1_42' title='bbox 726 744 836 807; x_wconf 84' lang='lat' dir='ltr'><strong>habere</strong></span> <span class='ocrx_word' id='word_1_43' title='bbox 856 743 1029 824; x_wconf 83' lang='lat' dir='ltr'><strong>occipiunt3</strong></span> <span class='ocrx_word' id='word_1_44' title='bbox 1061 745 1115 804; x_wconf 92' lang='lat' dir='ltr'><strong>ob-</strong></span> 
     </span>
     <span class='ocr_line' id='line_1_7' title="bbox 121 823 1210 911; baseline 0.001 -25"><span class='ocrx_word' id='word_1_45' title='bbox 121 833 195 887; x_wconf 83' lang='lat' dir='ltr'><strong>stare</strong></span> <span class='ocrx_word' id='word_1_46' title='bbox 208 833 282 886; x_wconf 88' lang='lat' dir='ltr'><strong>tunc</strong></span> <span class='ocrx_word' id='word_1_47' title='bbox 296 825 384 886; x_wconf 69' lang='lat' dir='ltr'><strong>enixe</strong></span> <span class='ocrx_word' id='word_1_48' title='bbox 397 823 524 895; x_wconf 78' lang='lat' dir='ltr'><strong>tribumi,</strong></span> <span class='ocrx_word' id='word_1_49' title='bbox 543 823 600 885; x_wconf 89' lang='lat' dir='ltr'><strong>sibi</strong></span> <span class='ocrx_word' id='word_1_50' title='bbox 613 825 753 911; x_wconf 85' lang='lat' dir='ltr'><strong>plebique</strong></span> <span class='ocrx_word' id='word_1_51' title='bbox 773 844 841 886; x_wconf 90' lang='lat' dir='ltr'><strong>earn</strong></span> <span class='ocrx_word' id='word_1_52' title='bbox 860 823 1010 884; x_wconf 85' lang='lat' dir='ltr'><strong>fortunam</strong></span> <span class='ocrx_word' id='word_1_53' title='bbox 1031 823 1122 884; x_wconf 80' lang='lat' dir='ltr'><strong>obla-·</strong></span> <span class='ocrx_word' id='word_1_54' title='bbox 1204 877 1210 901; x_wconf 44' lang='lat'><em>2</em></span> 
     </span>
     <span class='ocr_line' id='line_1_8' title="bbox 120 901 1211 996; baseline -0.005 -29"><span class='ocrx_word' id='word_1_55' title='bbox 120 912 176 967; x_wconf 88' lang='lat' dir='ltr'><strong>tam</strong></span> <span class='ocrx_word' id='word_1_56' title='bbox 190 911 397 967; x_wconf 74' lang='lat' dir='ltr'><strong>memorantes.</strong></span> <span class='ocrx_word' id='word_1_57' title='bbox 436 904 516 966; x_wconf 85' lang='lat' dir='ltr'><strong>Tres</strong></span> <span class='ocrx_word' id='word_1_58' title='bbox 536 911 630 974; x_wconf 89' lang='lat' dir='ltr'><strong>erant,</strong></span> <span class='ocrx_word' id='word_1_59' title='bbox 651 908 683 967; x_wconf 85' lang='lat' dir='ltr'><strong>et</strong></span> <span class='ocrx_word' id='word_1_60' title='bbox 701 923 804 966; x_wconf 85' lang='lat' dir='ltr'><strong>omnes</strong></span> <span class='ocrx_word' id='word_1_61' title='bbox 817 902 954 965; x_wconf 87' lang='lat' dir='ltr'><strong>acerrimi</strong></span> <span class='ocrx_word' id='word_1_62' title='bbox 974 901 1042 973; x_wconf 87' lang='lat' dir='ltr'><strong>viri,</strong></span> <span class='ocrx_word' id='word_1_63' title='bbox 1061 923 1115 996; x_wconf 70' lang='lat' dir='ltr'><strong>ge·</strong></span> <span class='ocrx_word' id='word_1_64' title='bbox 1210 972 1211 977; x_wconf 8' lang='grc' dir='ltr'>η</span> 
     </span>
     <span class='ocr_line' id='line_1_9' title="bbox 120 982 1211 1066; baseline -0.003 -20"><span class='ocrx_word' id='word_1_65' title='bbox 120 986 273 1066; x_wconf 88' lang='lat' dir='ltr'><strong>nerosique</strong></span> <span class='ocrx_word' id='word_1_66' title='bbox 282 987 357 1066; x_wconf 85' lang='lat' dir='ltr'><strong>jam,</strong></span> <span class='ocrx_word' id='word_1_67' title='bbox 371 990 412 1045; x_wconf 76' lang='lat' dir='ltr'><strong>&#39;ut</strong></span> <span class='ocrx_word' id='word_1_68' title='bbox 424 983 504 1046; x_wconf 89' lang='lat' dir='ltr'><strong>inter</strong></span> <span class='ocrx_word' id='word_1_69' title='bbox 513 984 645 1064; x_wconf 90' lang='lat' dir='ltr'><strong>plebeios</strong></span> <span class='ocrx_word' id='word_1_70' title='bbox 657 1006 667 1056; x_wconf 81' lang='lat'><em>3</em></span> <span class='ocrx_word' id='word_1_71' title='bbox 688 984 758 1054; x_wconf 91' lang='lat' dir='ltr'><strong>duo,</strong></span> <span class='ocrx_word' id='word_1_72' title='bbox 778 983 887 1066; x_wconf 81' lang='lat' dir='ltr'><strong>singuli</strong></span> <span class='ocrx_word' id='word_1_73' title='bbox 900 982 1043 1065; x_wconf 84' lang='lat' dir='ltr'><strong>singulos,</strong></span> <span class='ocrx_word' id='word_1_74' title='bbox 1057 983 1115 1046; x_wconf 83' lang='lat' dir='ltr'><strong>subi</strong></span> <span class='ocrx_word' id='word_1_75' title='bbox 1210 1000 1211 1011; x_wconf 61' lang='lat'>¹</span> 
     </span>
     <span class='ocr_line' id='line_1_10' title="bbox 122 1063 1213 1146; baseline -0.003 -20"><span class='ocrx_word' id='word_1_76' title='bbox 122 1066 255 1126; x_wconf 76' lang='lat' dir='ltr'><strong>consules</strong></span> <span class='ocrx_word' id='word_1_77' title='bbox 276 1063 473 1127; x_wconf 76' lang='lat' dir='ltr'><strong>asservandos</strong></span> <span class='ocrx_word' id='word_1_78' title='bbox 486 1064 608 1125; x_wconf 75' lang='lat' dir='ltr'><strong>assidut</strong></span> <span class='ocrx_word' id='word_1_79' title='bbox 622 1068 714 1146; x_wconf 73' lang='lat' dir='ltr'><strong>opera</strong></span> <span class='ocrx_word' id='word_1_80' title='bbox 726 1064 909 1124; x_wconf 78' lang='lat' dir='ltr'><strong>desumuntr</strong></span> <span class='ocrx_word' id='word_1_81' title='bbox 927 1063 981 1123; x_wconf 89' lang='lat' dir='ltr'><strong>uni</strong></span> <span class='ocrx_word' id='word_1_82' title='bbox 994 1063 1116 1125; x_wconf 84' lang='lat' dir='ltr'><strong>concio·</strong></span> <span class='ocrx_word' id='word_1_83' title='bbox 1212 1142 1213 1145; x_wconf 7' lang='grc' dir='ltr'><strong>Ἴ</strong></span> 
     </span>
     <span class='ocr_line' id='line_1_11' title="bbox 120 1140 1213 1224; baseline -0.001 -19"><span class='ocrx_word' id='word_1_84' title='bbox 120 1145 202 1207; x_wconf 88' lang='lat' dir='ltr'><strong>nibus</strong></span> <span class='ocrx_word' id='word_1_85' title='bbox 224 1145 295 1206; x_wconf 87' lang='lat' dir='ltr'><strong>data</strong></span> <span class='ocrx_word' id='word_1_86' title='bbox 314 1141 588 1214; x_wconf 68' lang='lat' dir='ltr'><strong>nunc&#39;detineuda,</strong></span> <span class='ocrx_word' id='word_1_87' title='bbox 607 1164 689 1205; x_wconf 91' lang='lat' dir='ltr'><strong>nunc</strong></span> <span class='ocrx_word' id='word_1_88' title='bbox 715 1143 891 1212; x_wconf 87' lang='lat' dir='ltr'><strong>concienda,</strong></span> <span class='ocrx_word' id='word_1_89' title='bbox 911 1140 1004 1224; x_wconf 82' lang='lat' dir='ltr'><strong>plebs.</strong></span> <span class='ocrx_word' id='word_1_90' title='bbox 1044 1142 1115 1204; x_wconf 81' lang='lat' dir='ltr'><strong>Nec</strong></span> <span class='ocrx_word' id='word_1_91' title='bbox 1212 1150 1213 1185; x_wconf 73' lang='lat'><em>³</em></span> 
     </span>
     <span class='ocr_line' id='line_1_12' title="bbox 121 1221 1115 1304; baseline 0 -20"><span class='ocrx_word' id='word_1_92' title='bbox 121 1226 268 1287; x_wconf 85' lang='lat' dir='ltr'><strong>delectum</strong></span> <span class='ocrx_word' id='word_1_93' title='bbox 283 1223 432 1296; x_wconf 86' lang='lat' dir='ltr'><strong>consules,</strong></span> <span class='ocrx_word' id='word_1_94' title='bbox 451 1245 508 1286; x_wconf 88' lang='lat' dir='ltr'><strong>nec</strong></span> <span class='ocrx_word' id='word_1_95' title='bbox 530 1222 661 1295; x_wconf 90' lang='lat' dir='ltr'><strong>comitia,</strong></span> <span class='ocrx_word' id='word_1_96' title='bbox 702 1243 750 1285; x_wconf 77' lang='lat' dir='ltr'><strong>uae</strong></span> <span class='ocrx_word' id='word_1_97' title='bbox 763 1225 915 1304; x_wconf 82' lang='lat' dir='ltr'><strong>petabent,</strong></span> <span class='ocrx_word' id='word_1_98' title='bbox 933 1221 1048 1283; x_wconf 84' lang='lat' dir='ltr'><strong>tribuni</strong></span> <span class='ocrx_word' id='word_1_99' title='bbox 1060 1241 1115 1284; x_wconf 84' lang='lat' dir='ltr'><strong>ex·</strong></span> 
     </span>
     <span class='ocr_line' id='line_1_13' title="bbox 121 1246 1117 1386; baseline -0.001 -21"><span class='ocrx_word' id='word_1_100' title='bbox 121 1305 277 1386; x_wconf 84' lang='lat' dir='ltr'><strong>pcdiebant</strong></span> <span class='ocrx_word' id='word_1_101' title='bbox 287 1325 298 1378; x_wconf 84' lang='lat'>;</span> <span class='ocrx_word' id='word_1_102' title='bbox 317 1303 483 1366; x_wconf 78' lang='lat' dir='ltr'><strong>inclinante</strong></span> <span class='ocrx_word' id='word_1_103' title='bbox 502 1303 612 1366; x_wconf 88' lang='lat' dir='ltr'><strong>deinde</strong></span> <span class='ocrx_word' id='word_1_104' title='bbox 627 1325 660 1365; x_wconf 91' lang='lat' dir='ltr'><strong>se</strong></span> <span class='ocrx_word' id='word_1_105' title='bbox 679 1246 802 1365; x_wconf 70' lang='lat' dir='ltr'><strong>lirrtrum</strong></span> <span class='ocrx_word' id='word_1_106' title='bbox 815 1301 856 1363; x_wconf 91' lang='lat' dir='ltr'><strong>ad</strong></span> <span class='ocrx_word' id='word_1_107' title='bbox 869 1321 991 1364; x_wconf 88' lang='lat' dir='ltr'><strong>causam</strong></span> <span class='ocrx_word' id='word_1_108' title='bbox 1009 1303 1117 1384; x_wconf 87' lang='lat' dir='ltr'><strong>plebis,</strong></span> 
     </span>
     <span class='ocr_line' id='line_1_14' title="bbox 121 1381 1116 1465; baseline -0.002 -20"><span class='ocrx_word' id='word_1_109' title='bbox 121 1385 221 1445; x_wconf 89' lang='lat' dir='ltr'><strong>nuncii</strong></span> <span class='ocrx_word' id='word_1_110' title='bbox 240 1385 374 1454; x_wconf 86' lang='lat' dir='ltr'><strong>veniunt,</strong></span> <span class='ocrx_word' id='word_1_111' title='bbox 394 1405 493 1444; x_wconf 89' lang='lat' dir='ltr'><strong>arcem</strong></span> <span class='ocrx_word' id='word_1_112' title='bbox 513 1384 743 1454; x_wconf 81' lang='lat' dir='ltr'><strong>Carventanam,</strong></span> <span class='ocrx_word' id='word_1_113' title='bbox 763 1382 890 1465; x_wconf 84' lang='lat' dir='ltr'><strong>dilapsis</strong></span> <span class='ocrx_word' id='word_1_114' title='bbox 914 1382 955 1443; x_wconf 90' lang='lat' dir='ltr'><strong>ad</strong></span> <span class='ocrx_word' id='word_1_115' title='bbox 980 1381 1116 1464; x_wconf 85' lang='lat' dir='ltr'><strong>prae&#39;darn</strong></span> 
     </span>
     <span class='ocr_line' id='line_1_15' title="bbox 121 1461 1116 1546; baseline -0.001 -22"><span class='ocrx_word' id='word_1_116' title='bbox 121 1465 271 1533; x_wconf 81' lang='lat' dir='ltr'><strong>militibus,</strong></span> <span class='ocrx_word' id='word_1_117' title='bbox 292 1464 387 1543; x_wconf 91' lang='lat' dir='ltr'><strong>quiin</strong></span> <span class='ocrx_word' id='word_1_118' title='bbox 401 1462 542 1544; x_wconf 86' lang='lat' dir='ltr'><strong>praesidio</strong></span> <span class='ocrx_word' id='word_1_119' title='bbox 556 1465 651 1534; x_wconf 86' lang='lat' dir='ltr'><strong>erant,</strong></span> <span class='ocrx_word' id='word_1_120' title='bbox 671 1467 802 1544; x_wconf 80' lang='lat' dir='ltr'><strong>AEquos,</strong></span> <span class='ocrx_word' id='word_1_121' title='bbox 817 1461 989 1525; x_wconf 81' lang='lat' dir='ltr'><strong>interfectis</strong></span> <span class='ocrx_word' id='word_1_122' title='bbox 1008 1461 1116 1546; x_wconf 84' lang='lat' dir='ltr'><strong>paneis</strong></span> 
     </span>
     <span class='ocr_line' id='line_1_16' title="bbox 122 1542 1117 1620; baseline 0 -16"><span class='ocrx_word' id='word_1_123' title='bbox 122 1542 292 1606; x_wconf 82' lang='lat' dir='ltr'><strong>custodibus</strong></span> <span class='ocrx_word' id='word_1_124' title='bbox 304 1543 392 1614; x_wconf 87' lang='lat' dir='ltr'><strong>arcis,</strong></span> <span class='ocrx_word' id='word_1_125' title='bbox 412 1542 556 1607; x_wconf 84' lang='lat' dir='ltr'><strong>invasisse</strong></span> <span class='ocrx_word' id='word_1_126' title='bbox 567 1564 577 1615; x_wconf 74' lang='grc' dir='ltr'>ς</span> <span class='ocrx_word' id='word_1_127' title='bbox 598 1543 672 1604; x_wconf 88' lang='lat' dir='ltr'><strong>alios</strong></span> <span class='ocrx_word' id='word_1_128' title='bbox 686 1549 875 1620; x_wconf 74' lang='lat' dir='ltr'><strong>recurrentes</strong></span> <span class='ocrx_word' id='word_1_129' title='bbox 888 1542 920 1604; x_wconf 89' lang='lat' dir='ltr'><strong>in</strong></span> <span class='ocrx_word' id='word_1_130' title='bbox 933 1562 1044 1614; x_wconf 86' lang='lat' dir='ltr'><strong>arcem,</strong></span> <span class='ocrx_word' id='word_1_131' title='bbox 1060 1542 1117 1604; x_wconf 89' lang='lat' dir='ltr'><strong>ali·</strong></span> 
     </span>
     <span class='ocr_line' id='line_1_17' title="bbox 121 1621 1115 1705; baseline -0.002 -20"><span class='ocrx_word' id='word_1_132' title='bbox 121 1644 150 1685; x_wconf 91' lang='lat' dir='ltr'><strong>os</strong></span> <span class='ocrx_word' id='word_1_133' title='bbox 163 1625 301 1705; x_wconf 88' lang='lat' dir='ltr'><strong>palantes</strong></span> <span class='ocrx_word' id='word_1_134' title='bbox 320 1622 352 1685; x_wconf 93' lang='lat' dir='ltr'><strong>in</strong></span> <span class='ocrx_word' id='word_1_135' title='bbox 374 1621 452 1704; x_wconf 82' lang='lat' dir='ltr'><strong>agris</strong></span> <span class='ocrx_word' id='word_1_136' title='bbox 473 1643 576 1684; x_wconf 85' lang='lat' dir='ltr'><strong>caesos.</strong></span> <span class='ocrx_word' id='word_1_137' title='bbox 615 1625 662 1684; x_wconf 85' lang='lat' dir='ltr'><strong>Ea</strong></span> <span class='ocrx_word' id='word_1_138' title='bbox 681 1621 810 1684; x_wconf 85' lang='lat' dir='ltr'><strong>adversa</strong></span> <span class='ocrx_word' id='word_1_139' title='bbox 828 1622 947 1684; x_wconf 83' lang='lat' dir='ltr'><strong>civitati</strong></span> <span class='ocrx_word' id='word_1_140' title='bbox 966 1641 1015 1684; x_wconf 84' lang='lat' dir='ltr'><strong>res</strong></span> <span class='ocrx_word' id='word_1_141' title='bbox 1034 1622 1115 1683; x_wconf 83' lang='lat' dir='ltr'><strong>vires</strong></span> 
     </span>
     <span class='ocr_line' id='line_1_18' title="bbox 121 1700 1120 1794; baseline 0 -30"><span class='ocrx_word' id='word_1_142' title='bbox 121 1703 285 1764; x_wconf 83' lang='lat' dir='ltr'><strong>tribuniciae</strong></span> <span class='ocrx_word' id='word_1_143' title='bbox 307 1701 418 1764; x_wconf 88' lang='lat' dir='ltr'><strong>actioni</strong></span> <span class='ocrx_word' id='word_1_144' title='bbox 439 1702 571 1781; x_wconf 86' lang='lat' dir='ltr'><strong>adjecit;</strong></span> <span class='ocrx_word' id='word_1_145' title='bbox 604 1701 806 1794; x_wconf 77' lang='lat' dir='ltr'><strong>nequicquam</strong></span> <span class='ocrx_word' id='word_1_146' title='bbox 826 1700 906 1762; x_wconf 82' lang='lat' dir='ltr'><strong>enim</strong></span> <span class='ocrx_word' id='word_1_147' title='bbox 934 1702 1054 1773; x_wconf 84' lang='lat' dir='ltr'><strong>tentati,</strong></span> <span class='ocrx_word' id='word_1_148' title='bbox 1082 1707 1120 1765; x_wconf 80' lang='lat' dir='ltr'><strong>ut</strong></span> 
     </span>
     <span class='ocr_line' id='line_1_19' title="bbox 122 1779 1118 1863; baseline 0 -19"><span class='ocrx_word' id='word_1_149' title='bbox 122 1789 184 1844; x_wconf 88' lang='lat' dir='ltr'><strong>tum</strong></span> <span class='ocrx_word' id='word_1_150' title='bbox 198 1780 329 1863; x_wconf 81' lang='lat' dir='ltr'><strong>denique</strong></span> <span class='ocrx_word' id='word_1_151' title='bbox 360 1779 541 1843; x_wconf 81' lang='lat' dir='ltr'><strong>desisterent</strong></span> <span class='ocrx_word' id='word_1_152' title='bbox 560 1781 751 1862; x_wconf 77' lang='lat' dir='ltr'><strong>impediendo</strong></span> <span class='ocrx_word' id='word_1_153' title='bbox 769 1779 858 1851; x_wconf 86' lang='lat' dir='ltr'><strong>bello,</strong></span> <span class='ocrx_word' id='word_1_154' title='bbox 878 1785 1037 1862; x_wconf 86' lang='lat' dir='ltr'><strong>postquam</strong></span> <span class='ocrx_word' id='word_1_155' title='bbox 1057 1801 1118 1844; x_wconf 86' lang='lat' dir='ltr'><strong>non</strong></span> 
     </span>
     <span class='ocr_line' id='line_1_20' title="bbox 125 1860 1121 1944; baseline 0.002 -22"><span class='ocrx_word' id='word_1_156' title='bbox 125 1882 239 1923; x_wconf 86' lang='lat' dir='ltr'><strong>cessere</strong></span> <span class='ocrx_word' id='word_1_157' title='bbox 250 1881 306 1924; x_wconf 89' lang='lat' dir='ltr'><strong>neo</strong></span> <span class='ocrx_word' id='word_1_158' title='bbox 328 1860 456 1944; x_wconf 86' lang='lat' dir='ltr'><strong>publicas</strong></span> <span class='ocrx_word' id='word_1_159' title='bbox 477 1861 735 1944; x_wconf 65' lang='lat' dir='ltr'><strong>tempestatium</strong></span> <span class='ocrx_word' id='word_1_160' title='bbox 756 1880 818 1922; x_wconf 83' lang='lat' dir='ltr'><strong>suae</strong></span> <span class='ocrx_word' id='word_1_161' title='bbox 838 1860 969 1932; x_wconf 72' lang='lat' dir='ltr'><strong>invidie,</strong></span> <span class='ocrx_word' id='word_1_162' title='bbox 999 1862 1121 1943; x_wconf 84' lang='lat' dir='ltr'><strong>pervin-</strong></span> 
     </span>
     <span class='ocr_line' id='line_1_21' title="bbox 123 1939 1119 2013; baseline 0.002 -11"><span class='ocrx_word' id='word_1_163' title='bbox 123 1950 202 2013; x_wconf 89' lang='lat' dir='ltr'><strong>cunt,</strong></span> <span class='ocrx_word' id='word_1_164' title='bbox 222 1947 258 2002; x_wconf 84' lang='lat' dir='ltr'><strong>ut</strong></span> <span class='ocrx_word' id='word_1_165' title='bbox 277 1941 570 2002; x_wconf 81' lang='lat' dir='ltr'><strong>senatusconsultum</strong></span> <span class='ocrx_word' id='word_1_166' title='bbox 590 1943 644 2003; x_wconf 90' lang='lat' dir='ltr'><strong>fiat</strong></span> <span class='ocrx_word' id='word_1_167' title='bbox 664 1941 703 2003; x_wconf 87' lang='lat' dir='ltr'><strong>de</strong></span> <span class='ocrx_word' id='word_1_168' title='bbox 716 1939 843 2002; x_wconf 88' lang='lat' dir='ltr'><strong>tribnnis</strong></span> <span class='ocrx_word' id='word_1_169' title='bbox 863 1940 995 2002; x_wconf 86' lang='lat' dir='ltr'><strong>rnilitum</strong></span> <span class='ocrx_word' id='word_1_170' title='bbox 1012 1961 1119 2004; x_wconf 87' lang='lat' dir='ltr'><strong>crean-</strong></span> 
     </span>
     <span class='ocr_line' id='line_1_22' title="bbox 123 2020 1121 2102; baseline 0.002 -20"><span class='ocrx_word' id='word_1_171' title='bbox 123 2021 185 2082; x_wconf 80' lang='lat' dir='ltr'><strong>dis:</strong></span> <span class='ocrx_word' id='word_1_172' title='bbox 206 2029 289 2082; x_wconf 90' lang='lat' dir='ltr'><strong>certo</strong></span> <span class='ocrx_word' id='word_1_173' title='bbox 302 2027 403 2082; x_wconf 86' lang='lat' dir='ltr'><strong>tamen</strong></span> <span class='ocrx_word' id='word_1_174' title='bbox 416 2029 514 2101; x_wconf 89' lang='lat' dir='ltr'><strong>pacto,</strong></span> <span class='ocrx_word' id='word_1_175' title='bbox 526 2042 566 2082; x_wconf 89' lang='lat' dir='ltr'><strong>ne</strong></span> <span class='ocrx_word' id='word_1_176' title='bbox 577 2025 665 2102; x_wconf 54' lang='lat' dir='ltr'><strong>,cujus</strong></span> <span class='ocrx_word' id='word_1_177' title='bbox 689 2021 764 2082; x_wconf 85' lang='lat' dir='ltr'><strong>ratio</strong></span> <span class='ocrx_word' id='word_1_178' title='bbox 777 2020 946 2094; x_wconf 83' lang='lat' dir='ltr'><strong>haberetur,</strong></span> <span class='ocrx_word' id='word_1_179' title='bbox 958 2021 1011 2101; x_wconf 93' lang='lat' dir='ltr'><strong>qui</strong></span> <span class='ocrx_word' id='word_1_180' title='bbox 1021 2043 1057 2085; x_wconf 89' lang='lat' dir='ltr'><strong>eo</strong></span> <span class='ocrx_word' id='word_1_181' title='bbox 1065 2043 1121 2084; x_wconf 94' lang='lat' dir='ltr'><strong>an·</strong></span> 
     </span>
     <span class='ocr_line' id='line_1_23' title="bbox 123 2100 1120 2194; baseline 0.003 -34"><span class='ocrx_word' id='word_1_182' title='bbox 123 2121 159 2162; x_wconf 94' lang='lat' dir='ltr'><strong>no</strong></span> <span class='ocrx_word' id='word_1_183' title='bbox 172 2101 311 2161; x_wconf 90' lang='lat' dir='ltr'><strong>tribunus</strong></span> <span class='ocrx_word' id='word_1_184' title='bbox 331 2100 425 2180; x_wconf 88' lang='lat' dir='ltr'><strong>plebis</strong></span> <span class='ocrx_word' id='word_1_185' title='bbox 446 2107 543 2161; x_wconf 79' lang='lat' dir='ltr'><strong>esset:</strong></span> <span class='ocrx_word' id='word_1_186' title='bbox 565 2123 641 2162; x_wconf 89' lang='lat' dir='ltr'><strong>neve</strong></span> <span class='ocrx_word' id='word_1_187' title='bbox 666 2103 735 2194; x_wconf 87' lang='lat' dir='ltr'><strong>quis</strong></span> <span class='ocrx_word' id='word_1_188' title='bbox 754 2100 930 2165; x_wconf 87' lang='lat' dir='ltr'><strong>reticeretur</strong></span> <span class='ocrx_word' id='word_1_189' title='bbox 948 2100 981 2162; x_wconf 89' lang='lat' dir='ltr'><strong>in</strong></span> <span class='ocrx_word' id='word_1_190' title='bbox 1007 2122 1120 2164; x_wconf 77' lang='lat' dir='ltr'><strong>annun</strong></span> 
     </span>
     <span class='ocr_line' id='line_1_24' title="bbox 121 2177 1122 2265; baseline 0.004 -25"><span class='ocrx_word' id='word_1_191' title='bbox 121 2181 259 2242; x_wconf 89' lang='lat' dir='ltr'><strong>tribunus</strong></span> <span class='ocrx_word' id='word_1_192' title='bbox 278 2179 396 2260; x_wconf 79' lang='lat' dir='ltr'><strong>plebis:</strong></span> <span class='ocrx_word' id='word_1_193' title='bbox 415 2177 496 2240; x_wconf 88' lang='lat' dir='ltr'><strong>haud</strong></span> <span class='ocrx_word' id='word_1_194' title='bbox 512 2180 600 2240; x_wconf 76' lang='lat' dir='ltr'><strong>dubie</strong></span> <span class='ocrx_word' id='word_1_195' title='bbox 615 2181 716 2241; x_wconf 86' lang='lat' dir='ltr'><strong>lcilros</strong></span> <span class='ocrx_word' id='word_1_196' title='bbox 736 2180 901 2244; x_wconf 84' lang='lat' dir='ltr'><strong>denotante</strong></span> <span class='ocrx_word' id='word_1_197' title='bbox 914 2185 1030 2252; x_wconf 84' lang='lat' dir='ltr'><strong>senatu,</strong></span> <span class='ocrx_word' id='word_1_198' title='bbox 1042 2202 1122 2265; x_wconf 88' lang='lat' dir='ltr'><strong>quos</strong></span> 
     </span>
     <span class='ocr_line' id='line_1_25' title="bbox 122 2257 1122 2342; baseline 0.006 -24"><span class='ocrx_word' id='word_1_199' title='bbox 122 2258 292 2320; x_wconf 86' lang='lat' dir='ltr'><strong>mercedem</strong></span> <span class='ocrx_word' id='word_1_200' title='bbox 306 2257 440 2319; x_wconf 88' lang='lat' dir='ltr'><strong>seditiosi</strong></span> <span class='ocrx_word' id='word_1_201' title='bbox 459 2259 628 2322; x_wconf 81' lang='lat' dir='ltr'><strong>tribunatus</strong></span> <span class='ocrx_word' id='word_1_202' title='bbox 648 2266 751 2342; x_wconf 89' lang='lat' dir='ltr'><strong>petere</strong></span> <span class='ocrx_word' id='word_1_203' title='bbox 765 2259 953 2322; x_wconf 81' lang='lat' dir='ltr'><strong>consulatum</strong></span> <span class='ocrx_word' id='word_1_204' title='bbox 965 2261 1122 2324; x_wconf 85' lang='lat' dir='ltr'><strong>insimula-</strong></span> 
     </span>
     <span class='ocr_line' id='line_1_26' title="bbox 126 2337 1124 2420; baseline 0.004 -22"><span class='ocrx_word' id='word_1_205' title='bbox 126 2342 206 2402; x_wconf 87' lang='lat' dir='ltr'><strong>bant.</strong></span> <span class='ocrx_word' id='word_1_206' title='bbox 261 2339 344 2398; x_wconf 86' lang='lat' dir='ltr'><strong>Tum&#39;</strong></span> <span class='ocrx_word' id='word_1_207' title='bbox 355 2337 492 2402; x_wconf 90' lang='lat' dir='ltr'><strong>delectus</strong></span> <span class='ocrx_word' id='word_1_208' title='bbox 512 2339 622 2412; x_wconf 87' lang='lat' dir='ltr'><strong>haberi,</strong></span> <span class='ocrx_word' id='word_1_209' title='bbox 642 2341 813 2420; x_wconf 84' lang='lat' dir='ltr'><strong>bellumque</strong></span> <span class='ocrx_word' id='word_1_210' title='bbox 834 2339 963 2402; x_wconf 84' lang='lat' dir='ltr'><strong>omnium</strong></span> <span class='ocrx_word' id='word_1_211' title='bbox 984 2341 1124 2402; x_wconf 85' lang='lat' dir='ltr'><strong>ordinum</strong></span> 
     </span>
     <span class='ocr_line' id='line_1_27' title="bbox 125 2417 1125 2502; baseline 0.005 -23"><span class='ocrx_word' id='word_1_212' title='bbox 125 2437 271 2480; x_wconf 89' lang='lat' dir='ltr'><strong>consensu</strong></span> <span class='ocrx_word' id='word_1_213' title='bbox 292 2440 310 2480; x_wconf 88' lang='lat' dir='ltr'><strong>a</strong></span> <span class='ocrx_word' id='word_1_214' title='bbox 352 2417 429 2480; x_wconf 80' lang='lat' dir='ltr'><strong>arari</strong></span> <span class='ocrx_word' id='word_1_215' title='bbox 449 2426 592 2500; x_wconf 88' lang='lat' dir='ltr'><strong>coeptum.</strong></span> <span class='ocrx_word' id='word_1_216' title='bbox 632 2421 783 2481; x_wconf 81' lang='lat' dir='ltr'><strong>Consules</strong></span> <span class='ocrx_word' id='word_1_217' title='bbox 805 2423 891 2481; x_wconf 89' lang='lat' dir='ltr'><strong>ambo</strong></span> <span class='ocrx_word' id='word_1_218' title='bbox 914 2418 1042 2502; x_wconf 82' lang='lat' dir='ltr'><strong>proiecti</strong></span> <span class='ocrx_word' id='word_1_219' title='bbox 1061 2421 1125 2484; x_wconf 87' lang='lat' dir='ltr'><strong>sint</strong></span> 
     </span>
     <span class='ocr_line' id='line_1_28' title="bbox 126 2439 1125 2568; baseline 0.003 -10"><span class='ocrx_word' id='word_1_220' title='bbox 126 2501 162 2560; x_wconf 86' lang='lat' dir='ltr'><strong>ad</strong></span> <span class='ocrx_word' id='word_1_221' title='bbox 181 2519 280 2560; x_wconf 90' lang='lat' dir='ltr'><strong>arcem</strong></span> <span class='ocrx_word' id='word_1_222' title='bbox 303 2439 533 2568; x_wconf 50' lang='lat' dir='ltr'><strong>d&#39;slrventanam,</strong></span> <span class='ocrx_word' id='word_1_223' title='bbox 553 2519 592 2560; x_wconf 89' lang='lat' dir='ltr'><strong>an</strong></span> <span class='ocrx_word' id='word_1_224' title='bbox 605 2499 683 2562; x_wconf 87' lang='lat' dir='ltr'><strong>alter</strong></span> <span class='ocrx_word' id='word_1_225' title='bbox 702 2501 741 2560; x_wconf 83' lang='lat' dir='ltr'><strong>ad</strong></span> <span class='ocrx_word' id='word_1_226' title='bbox 765 2500 885 2560; x_wconf 86' lang='lat' dir='ltr'><strong>comitia</strong></span> <span class='ocrx_word' id='word_1_227' title='bbox 896 2500 1033 2564; x_wconf 85' lang='lat' dir='ltr'><strong>habenda</strong></span> <span class='ocrx_word' id='word_1_228' title='bbox 1054 2504 1125 2561; x_wconf 89' lang='lat' dir='ltr'><strong>sub·</strong></span> 
     </span>
     <span class='ocr_line' id='line_1_29' title="bbox 129 2576 1130 2662; baseline 0.005 -25"><span class='ocrx_word' id='word_1_229' title='bbox 129 2579 248 2648; x_wconf 86' lang='lat' dir='ltr'><strong>stiterit,</strong></span> <span class='ocrx_word' id='word_1_230' title='bbox 267 2579 423 2638; x_wconf 85' lang='lat' dir='ltr'><strong>incertum</strong></span> <span class='ocrx_word' id='word_1_231' title='bbox 442 2576 556 2652; x_wconf 79' lang='lat' dir='ltr'><strong>diuersi</strong></span> <span class='ocrx_word' id='word_1_232' title='bbox 576 2584 714 2640; x_wconf 87' lang='lat' dir='ltr'><strong>auctores</strong></span> <span class='ocrx_word' id='word_1_233' title='bbox 733 2578 869 2639; x_wconf 83' lang='lat' dir='ltr'><strong>faciunt:</strong></span> <span class='ocrx_word' id='word_1_234' title='bbox 897 2580 951 2642; x_wconf 87' lang='lat' dir='ltr'><strong>illa</strong></span> <span class='ocrx_word' id='word_1_235' title='bbox 970 2601 1025 2662; x_wconf 89' lang='lat' dir='ltr'><strong>pro</strong></span> <span class='ocrx_word' id='word_1_236' title='bbox 1045 2587 1130 2642; x_wconf 86' lang='lat' dir='ltr'><strong>certo</strong></span> 
     </span>
     <span class='ocr_line' id='line_1_30' title="bbox 128 2657 1127 2738; baseline 0.005 -21"><span class='ocrx_word' id='word_1_237' title='bbox 128 2657 271 2729; x_wconf 84' lang='lat' dir='ltr'><strong>labenda,</strong></span> <span class='ocrx_word' id='word_1_238' title='bbox 292 2658 324 2718; x_wconf 91' lang='lat' dir='ltr'><strong>in</strong></span> <span class='ocrx_word' id='word_1_239' title='bbox 345 2657 452 2738; x_wconf 88' lang='lat' dir='ltr'><strong>quibus</strong></span> <span class='ocrx_word' id='word_1_240' title='bbox 473 2676 533 2720; x_wconf 90' lang='lat' dir='ltr'><strong>non</strong></span> <span class='ocrx_word' id='word_1_241' title='bbox 560 2657 752 2728; x_wconf 88' lang='lat' dir='ltr'><strong>dissentiunt,</strong></span> <span class='ocrx_word' id='word_1_242' title='bbox 771 2661 810 2719; x_wconf 83' lang='lat' dir='ltr'><strong>ab</strong></span> <span class='ocrx_word' id='word_1_243' title='bbox 835 2680 905 2720; x_wconf 89' lang='lat' dir='ltr'><strong>arce</strong></span> <span class='ocrx_word' id='word_1_244' title='bbox 925 2659 1127 2732; x_wconf 80' lang='lat' dir='ltr'><strong>Caruentana,</strong></span> 
     </span>
     <span class='ocr_line' id='line_1_31' title="bbox 128 2737 1127 2820; baseline 0.004 -22"><span class='ocrx_word' id='word_1_245' title='bbox 128 2758 218 2817; x_wconf 90' lang='lat' dir='ltr'><strong>quum</strong></span> <span class='ocrx_word' id='word_1_246' title='bbox 239 2737 291 2799; x_wconf 94' lang='lat' dir='ltr'><strong>diu</strong></span> <span class='ocrx_word' id='word_1_247' title='bbox 305 2738 505 2818; x_wconf 85' lang='lat' dir='ltr'><strong>nequicquam</strong></span> <span class='ocrx_word' id='word_1_248' title='bbox 521 2745 692 2820; x_wconf 84' lang='lat' dir='ltr'><strong>oppugnata</strong></span> <span class='ocrx_word' id='word_1_249' title='bbox 705 2744 795 2809; x_wconf 87' lang='lat' dir='ltr'><strong>esset,</strong></span> <span class='ocrx_word' id='word_1_250' title='bbox 820 2739 970 2800; x_wconf 82' lang='lat' dir='ltr'><strong>recessum</strong></span> <span class='ocrx_word' id='word_1_251' title='bbox 983 2761 993 2811; x_wconf 90' lang='lat'>;</span> <span class='ocrx_word' id='word_1_252' title='bbox 1011 2741 1127 2802; x_wconf 80' lang='lat' dir='ltr'><strong>Verun-</strong></span> 
     </span>
     <span class='ocr_line' id='line_1_32' title="bbox 128 2817 1127 2901; baseline 0.003 -23"><span class='ocrx_word' id='word_1_253' title='bbox 128 2817 224 2899; x_wconf 76' lang='lat' dir='ltr'><strong>ginem</strong></span> <span class='ocrx_word' id='word_1_254' title='bbox 254 2819 287 2878; x_wconf 90' lang='lat' dir='ltr'><strong>in</strong></span> <span class='ocrx_word' id='word_1_255' title='bbox 318 2818 436 2880; x_wconf 86' lang='lat' dir='ltr'><strong>Volscis</strong></span> <span class='ocrx_word' id='word_1_256' title='bbox 468 2819 573 2879; x_wconf 87' lang='lat' dir='ltr'><strong>eodem</strong></span> <span class='ocrx_word' id='word_1_257' title='bbox 601 2820 736 2879; x_wconf 84' lang='lat' dir='ltr'><strong>exercitu</strong></span> <span class='ocrx_word' id='word_1_258' title='bbox 770 2826 931 2901; x_wconf 85' lang='lat' dir='ltr'><strong>receptam,</strong></span> <span class='ocrx_word' id='word_1_259' title='bbox 957 2820 1127 2900; x_wconf 88' lang='lat' dir='ltr'><strong>populatio·</strong></span> 
     </span>
     <span class='ocr_line' id='line_1_33' title="bbox 128 2895 1128 3038; baseline 0.003 -79"><span class='ocrx_word' id='word_1_260' title='bbox 128 2895 242 3038; x_wconf 78' lang='lat' dir='ltr'><strong>pesque</strong></span> <span class='ocrx_word' id='word_1_261' title='bbox 262 2903 295 2957; x_wconf 85' lang='lat' dir='ltr'><strong>et</strong></span> <span class='ocrx_word' id='word_1_262' title='bbox 306 2897 425 2978; x_wconf 85' lang='lat' dir='ltr'><strong>praedas</strong></span> <span class='ocrx_word' id='word_1_263' title='bbox 438 2905 470 2964; x_wconf 82' lang='lat' dir='ltr'><strong>et</strong></span> <span class='ocrx_word' id='word_1_264' title='bbox 493 2897 525 2960; x_wconf 86' lang='lat' dir='ltr'><strong>in</strong></span> <span class='ocrx_word' id='word_1_265' title='bbox 544 2897 656 2976; x_wconf 78' lang='lat' dir='ltr'><strong>AEquis</strong></span> <span class='ocrx_word' id='word_1_266' title='bbox 669 2905 702 2960; x_wconf 87' lang='lat' dir='ltr'><strong>et</strong></span> <span class='ocrx_word' id='word_1_267' title='bbox 714 2899 747 2960; x_wconf 91' lang='lat' dir='ltr'><strong>in</strong></span> <span class='ocrx_word' id='word_1_268' title='bbox 759 2897 871 2961; x_wconf 83' lang='lat' dir='ltr'><strong>Volsco</strong></span> <span class='ocrx_word' id='word_1_269' title='bbox 894 2919 966 2980; x_wconf 83' lang='lat' dir='ltr'><strong>agro</strong></span> <span class='ocrx_word' id='word_1_270' title='bbox 988 2900 1128 2981; x_wconf 81' lang='lat' dir='ltr'><strong>ingentes</strong></span> 
     </span>
     <span class='ocr_line' id='line_1_34' title="bbox 141 2985 235 3039; baseline -0.032 0"><span class='ocrx_word' id='word_1_271' title='bbox 141 2985 235 3039; x_wconf 86' lang='lat' dir='ltr'><strong>actas.</strong></span> 
     </span>
    </p>

    <p class='ocr_par' dir='ltr' id='par_1_3' title="bbox 129 3053 1131 3629">
     <span class='ocr_line' id='line_1_35' title="bbox 170 3053 1128 3139; baseline 0.001 -21"><span class='ocrx_word' id='word_1_272' title='bbox 170 3055 257 3118; x_wconf 86' lang='lat' dir='ltr'>LVI.</span> <span class='ocrx_word' id='word_1_273' title='bbox 290 3055 394 3122; x_wconf 79' lang='lat' dir='ltr'><strong>Romae</strong></span> <span class='ocrx_word' id='word_1_274' title='bbox 422 3057 502 3120; x_wconf 88' lang='lat' dir='ltr'><strong>sicut</strong></span> <span class='ocrx_word' id='word_1_275' title='bbox 520 3053 617 3136; x_wconf 90' lang='lat' dir='ltr'><strong>plebis</strong></span> <span class='ocrx_word' id='word_1_276' title='bbox 643 3053 771 3118; x_wconf 89' lang='lat' dir='ltr'><strong>victorin</strong></span> <span class='ocrx_word' id='word_1_277' title='bbox 791 3055 851 3116; x_wconf 83' lang='lat' dir='ltr'><strong>fuit</strong></span> <span class='ocrx_word' id='word_1_278' title='bbox 872 3057 905 3116; x_wconf 91' lang='lat' dir='ltr'><strong>in</strong></span> <span class='ocrx_word' id='word_1_279' title='bbox 928 3077 973 3127; x_wconf 91' lang='lat' dir='ltr'><strong>eo,</strong></span> <span class='ocrx_word' id='word_1_280' title='bbox 997 3064 1042 3128; x_wconf 78' lang='lat' dir='ltr'><strong>ut,</strong></span> <span class='ocrx_word' id='word_1_281' title='bbox 1060 3079 1128 3139; x_wconf 81' lang='lat' dir='ltr'><strong>quas</strong></span> 
     </span>
     <span class='ocr_line' id='line_1_36' title="bbox 129 3134 1130 3210; baseline 0.005 -14"><span class='ocrx_word' id='word_1_282' title='bbox 129 3138 263 3210; x_wconf 87' lang='lat' dir='ltr'><strong>mallent,</strong></span> <span class='ocrx_word' id='word_1_283' title='bbox 286 3134 408 3199; x_wconf 86' lang='lat' dir='ltr'><strong>comitia</strong></span> <span class='ocrx_word' id='word_1_284' title='bbox 432 3135 596 3198; x_wconf 82' lang='lat' dir='ltr'><strong>haberent:</strong></span> <span class='ocrx_word' id='word_1_285' title='bbox 622 3134 667 3196; x_wconf 87' lang='lat' dir='ltr'><strong>ita</strong></span> <span class='ocrx_word' id='word_1_286' title='bbox 686 3140 797 3197; x_wconf 80' lang='lat' dir='ltr'><strong>eventu</strong></span> <span class='ocrx_word' id='word_1_287' title='bbox 820 3134 1007 3207; x_wconf 85' lang='lat' dir='ltr'><strong>comitiorum</strong></span> <span class='ocrx_word' id='word_1_288' title='bbox 1021 3138 1130 3200; x_wconf 86' lang='lat' dir='ltr'><strong>Patres</strong></span> 
     </span>
     <span class='ocr_line' id='line_1_37' title="bbox 129 3214 1131 3298; baseline 0.006 -23"><span class='ocrx_word' id='word_1_289' title='bbox 129 3215 250 3287; x_wconf 79' lang='lat' dir='ltr'><strong>vicere3</strong></span> <span class='ocrx_word' id='word_1_290' title='bbox 273 3237 404 3296; x_wconf 86' lang='lat' dir='ltr'><strong>nomque</strong></span> <span class='ocrx_word' id='word_1_291' title='bbox 416 3215 530 3279; x_wconf 86' lang='lat' dir='ltr'><strong>tribuni</strong></span> <span class='ocrx_word' id='word_1_292' title='bbox 543 3214 673 3277; x_wconf 91' lang='lat' dir='ltr'><strong>militurn</strong></span> <span class='ocrx_word' id='word_1_293' title='bbox 692 3215 843 3277; x_wconf 88' lang='lat' dir='ltr'><strong>consulari</strong></span> <span class='ocrx_word' id='word_1_294' title='bbox 855 3215 1005 3298; x_wconf 78' lang='lat' dir='ltr'><strong>potestate</strong></span> <span class='ocrx_word' id='word_1_295' title='bbox 1024 3225 1131 3281; x_wconf 83' lang='lat' dir='ltr'><strong>contra</strong></span> 
     </span>
     <span class='ocr_line' id='line_1_38' title="bbox 130 3293 1129 3380; baseline 0.004 -24"><span class='ocrx_word' id='word_1_296' title='bbox 130 3315 214 3375; x_wconf 84' lang='lat' dir='ltr'><strong>rpem</strong></span> <span class='ocrx_word' id='word_1_297' title='bbox 234 3296 364 3356; x_wconf 89' lang='lat' dir='ltr'><strong>omnium</strong></span> <span class='ocrx_word' id='word_1_298' title='bbox 377 3299 452 3358; x_wconf 74' lang='lat' dir='ltr'><strong>‘tres</strong></span> <span class='ocrx_word' id='word_1_299' title='bbox 479 3293 596 3380; x_wconf 89' lang='lat' dir='ltr'><strong>patricii</strong></span> <span class='ocrx_word' id='word_1_300' title='bbox 609 3296 704 3357; x_wconf 85' lang='lat' dir='ltr'><strong>creati</strong></span> <span class='ocrx_word' id='word_1_301' title='bbox 725 3301 805 3368; x_wconf 82' lang='lat' dir='ltr'><strong>sunt,</strong></span> <span class='ocrx_word' id='word_1_302' title='bbox 825 3295 971 3358; x_wconf 89' lang='lat' dir='ltr'><strong>C.Julius</strong></span> <span class='ocrx_word' id='word_1_303' title='bbox 986 3297 1129 3369; x_wconf 79' lang='lat' dir='ltr'><strong>lulus„l&#39;.</strong></span> 
     </span>
     <span class='ocr_line' id='line_1_39' title="bbox 132 3374 1130 3449; baseline 0.006 -13"><span class='ocrx_word' id='word_1_304' title='bbox 132 3374 289 3437; x_wconf 82' lang='lat' dir='ltr'><strong>Cornelius</strong></span> <span class='ocrx_word' id='word_1_305' title='bbox 310 3377 433 3449; x_wconf 84' lang='lat' dir='ltr'><strong>Cossus,</strong></span> <span class='ocrx_word' id='word_1_306' title='bbox 454 3378 490 3439; x_wconf 83' lang='lat' dir='ltr'><strong>G.</strong></span> <span class='ocrx_word' id='word_1_307' title='bbox 515 3375 660 3437; x_wconf 88' lang='lat' dir='ltr'><strong>Servilius</strong></span> <span class='ocrx_word' id='word_1_308' title='bbox 684 3375 792 3438; x_wconf 78' lang='lat' dir='ltr'><strong>Abala.</strong></span> <span class='ocrx_word' id='word_1_309' title='bbox 832 3378 940 3436; x_wconf 84' lang='lat' dir='ltr'><strong>Artem</strong></span> <span class='ocrx_word' id='word_1_310' title='bbox 967 3377 1130 3443; x_wconf 82' lang='lat' dir='ltr'><strong>adhibitam</strong></span> 
     </span>
     <span class='ocr_line' id='line_1_40' title="bbox 131 3455 1130 3539; baseline 0.005 -23"><span class='ocrx_word' id='word_1_311' title='bbox 131 3455 233 3518; x_wconf 85' lang='lat' dir='ltr'><strong>ferunt</strong></span> <span class='ocrx_word' id='word_1_312' title='bbox 257 3457 429 3536; x_wconf 77' lang='lat' dir='ltr'><strong>dpatriciis,</strong></span> <span class='ocrx_word' id='word_1_313' title='bbox 453 3457 552 3539; x_wconf 86' lang='lat' dir='ltr'><strong>(cujus</strong></span> <span class='ocrx_word' id='word_1_314' title='bbox 575 3475 626 3517; x_wconf 87' lang='lat' dir='ltr'><strong>eos</strong></span> <span class='ocrx_word' id='word_1_315' title='bbox 649 3455 728 3518; x_wconf 87' lang='lat' dir='ltr'><strong>lcilii</strong></span> <span class='ocrx_word' id='word_1_316' title='bbox 752 3462 817 3516; x_wconf 92' lang='lat' dir='ltr'><strong>tum</strong></span> <span class='ocrx_word' id='word_1_317' title='bbox 838 3476 956 3538; x_wconf 90' lang='lat' dir='ltr'><strong>quoque</strong></span> <span class='ocrx_word' id='word_1_318' title='bbox 973 3457 1130 3522; x_wconf 90' lang='lat' dir='ltr'><strong>insimula-</strong></span> 
     </span>
     <span class='ocr_line' id='line_1_41' title="bbox 132 3534 1131 3629; baseline 0.008 -35"><span class='ocrx_word' id='word_1_319' title='bbox 132 3536 213 3629; x_wconf 78' lang='lat' dir='ltr'><strong>bant)</strong></span> <span class='ocrx_word' id='word_1_320' title='bbox 236 3536 318 3616; x_wconf 80' lang='lat' dir='ltr'><strong>qubd</strong></span> <span class='ocrx_word' id='word_1_321' title='bbox 331 3541 449 3600; x_wconf 73' lang='lat' dir='ltr'><strong>turbam</strong></span> <span class='ocrx_word' id='word_1_322' title='bbox 470 3537 658 3620; x_wconf 83' lang='lat' dir='ltr'><strong>indignorum</strong></span> <span class='ocrx_word' id='word_1_323' title='bbox 674 3534 902 3598; x_wconf 88' lang='lat' dir='ltr'><strong>candidatorum</strong></span> <span class='ocrx_word' id='word_1_324' title='bbox 921 3536 1131 3602; x_wconf 87' lang='lat' dir='ltr'><strong>intermiscen-</strong></span> 
     </span>
    </p>

    <p class='ocr_par' dir='ltr' id='par_1_4' title="bbox 108 3614 1183 3778">
     <span class='ocr_line' id='line_1_42' title="bbox 108 3614 1130 3720; baseline 0.007 -46"><span class='ocrx_word' id='word_1_325' title='bbox 108 3651 111 3660; x_wconf 92' lang='lat'>·</span> <span class='ocrx_word' id='word_1_326' title='bbox 134 3616 171 3676; x_wconf 94' lang='lat' dir='ltr'><strong>do</strong></span> <span class='ocrx_word' id='word_1_327' title='bbox 183 3617 292 3700; x_wconf 75' lang='lat' dir='ltr'><strong>dignis,</strong></span> <span class='ocrx_word' id='word_1_328' title='bbox 313 3616 402 3677; x_wconf 77' lang='lat' dir='ltr'><strong>tedio</strong></span> <span class='ocrx_word' id='word_1_329' title='bbox 414 3617 545 3678; x_wconf 91' lang='lat' dir='ltr'><strong>sordium</strong></span> <span class='ocrx_word' id='word_1_330' title='bbox 559 3614 591 3676; x_wconf 93' lang='lat' dir='ltr'><strong>in</strong></span> <span class='ocrx_word' id='word_1_331' title='bbox 605 3615 785 3697; x_wconf 86' lang='lat' dir='ltr'><strong>quibusdam</strong></span> <span class='ocrx_word' id='word_1_332' title='bbox 804 3615 974 3720; x_wconf 49' lang='lat' dir='ltr'><strong>insignium,</strong></span> <span class='ocrx_word' id='word_1_333' title='bbox 987 3620 1130 3701; x_wconf 80' lang='lat' dir='ltr'><strong>populum</strong></span> 
     </span>
     <span class='ocr_line' id='line_1_43' title="bbox 135 3695 1183 3778; baseline 0.008 -24"><span class='ocrx_word' id='word_1_334' title='bbox 135 3695 285 3776; x_wconf 73' lang='lat' dir='ltr'><strong>dplebeiis</strong></span> <span class='ocrx_word' id='word_1_335' title='bbox 300 3697 489 3759; x_wconf 83' lang='lat' dir='ltr'><strong>avertissent.</strong></span> <span class='ocrx_word' id='word_1_336' title='bbox 528 3696 655 3758; x_wconf 85' lang='lat' dir='ltr'><strong>Volscos</strong></span> <span class='ocrx_word' id='word_1_337' title='bbox 669 3695 781 3758; x_wconf 90' lang='lat' dir='ltr'><strong>deinde</strong></span> <span class='ocrx_word' id='word_1_338' title='bbox 800 3703 831 3760; x_wconf 93' lang='lat' dir='ltr'><strong>et</strong></span> <span class='ocrx_word' id='word_1_339' title='bbox 844 3699 974 3778; x_wconf 71' lang='lat' dir='ltr'><strong>llaquos,</strong></span> <span class='ocrx_word' id='word_1_340' title='bbox 987 3718 1042 3760; x_wconf 86' lang='lat' dir='ltr'><strong>seu</strong></span> <span class='ocrx_word' id='word_1_341' title='bbox 1055 3700 1131 3762; x_wconf 84' lang='lat' dir='ltr'><strong>Car·</strong></span> <span class='ocrx_word' id='word_1_342' title='bbox 1180 3749 1183 3752; x_wconf 75' lang='lat'><strong>.</strong></span> 
     </span>
    </p>

    <p class='ocr_par' dir='ltr' id='par_1_5' title="bbox 110 3777 1133 3874">
     <span class='ocr_line' id='line_1_44' title="bbox 110 3777 1133 3874; baseline 0.012 -41"><span class='ocrx_word' id='word_1_343' title='bbox 110 3819 112 3854; x_wconf 45' lang='grc' dir='ltr'>Ι</span> <span class='ocrx_word' id='word_1_344' title='bbox 134 3779 262 3838; x_wconf 70' lang='lat' dir='ltr'><strong>centana</strong></span> <span class='ocrx_word' id='word_1_345' title='bbox 274 3793 330 3838; x_wconf 82' lang='lat' dir='ltr'><strong>arx</strong></span> <span class='ocrx_word' id='word_1_346' title='bbox 352 3783 470 3839; x_wconf 82' lang='lat' dir='ltr'><strong>retente</strong></span> <span class='ocrx_word' id='word_1_347' title='bbox 482 3777 515 3838; x_wconf 92' lang='lat' dir='ltr'><strong>in</strong></span> <span class='ocrx_word' id='word_1_348' title='bbox 529 3779 621 3869; x_wconf 88' lang='lat' dir='ltr'><strong>spem,</strong></span> <span class='ocrx_word' id='word_1_349' title='bbox 642 3795 697 3836; x_wconf 89' lang='lat' dir='ltr'><strong>seu</strong></span> <span class='ocrx_word' id='word_1_350' title='bbox 710 3777 877 3858; x_wconf 79' lang='lat' dir='ltr'><strong>Verrugine</strong></span> <span class='ocrx_word' id='word_1_351' title='bbox 898 3778 1039 3840; x_wconf 85' lang='lat' dir='ltr'><strong>amissum</strong></span> <span class='ocrx_word' id='word_1_352' title='bbox 1052 3800 1133 3874; x_wconf 71' lang='lat' dir='ltr'><strong>prn-</strong></span> 
     </span>
    </p>

    <p class='ocr_par' dir='ltr' id='par_1_6' title="bbox 110 3853 1131 3942">
     <span class='ocr_line' id='line_1_45' title="bbox 110 3853 1131 3942; baseline 0.012 -28"><span class='ocrx_word' id='word_1_353' title='bbox 110 3863 113 3926; x_wconf 67' lang='grc' dir='ltr'>ξ</span> <span class='ocrx_word' id='word_1_354' title='bbox 135 3853 242 3918; x_wconf 81' lang='lat' dir='ltr'><strong>sidium</strong></span> <span class='ocrx_word' id='word_1_355' title='bbox 263 3856 303 3920; x_wconf 86' lang='lat' dir='ltr'><strong>ad</strong></span> <span class='ocrx_word' id='word_1_356' title='bbox 329 3855 405 3920; x_wconf 85' lang='lat' dir='ltr'><strong>iram</strong></span> <span class='ocrx_word' id='word_1_357' title='bbox 425 3855 629 3942; x_wconf 81' lang='lat' dir='ltr'><strong>compulrsset.</strong></span> <span class='ocrx_word' id='word_1_358' title='bbox 652 3853 733 3920; x_wconf 85' lang='lat' dir='ltr'><strong>lama</strong></span> <span class='ocrx_word' id='word_1_359' title='bbox 757 3856 881 3922; x_wconf 76' lang='lat' dir='ltr'><strong>affertur</strong></span> <span class='ocrx_word' id='word_1_360' title='bbox 904 3864 1022 3925; x_wconf 65' lang='lat' dir='ltr'><strong>summe</strong></span> <span class='ocrx_word' id='word_1_361' title='bbox 1042 3880 1073 3924; x_wconf 82' lang='lat' dir='ltr'><strong>rr</strong></span> <span class='ocrx_word' id='word_1_362' title='bbox 1092 3861 1131 3926; x_wconf 74' lang='lat' dir='ltr'><strong>ad</strong></span> 
     </span>
    </p>
   </div>
   <div class='ocr_carea' id='block_1_3' title="bbox 1052 4168 1222 4189">
    <p class='ocr_par' dir='ltr' id='par_1_7' title="bbox 1052 4168 1222 4189">
     <span class='ocr_line' id='line_1_46' title="bbox 1052 4168 1222 4189; baseline -0.024 0"><span class='ocrx_word' id='word_1_363' title='bbox 1052 4176 1089 4189; x_wconf 63' lang='grc' dir='ltr'><strong>,ι-</strong></span> <span class='ocrx_word' id='word_1_364' title='bbox 1099 4168 1222 4187; x_wconf 45' lang='lat' dir='ltr'><strong>,dns-l—</strong></span> 
     </span>
    </p>
   </div>
   <div class='ocr_carea' id='block_1_4' title="bbox 0 0 1340 4392">
    <p class='ocr_par' dir='ltr' id='par_1_8' title="bbox 0 0 1340 4392">
     <span class='ocr_line' id='line_1_47' title="bbox 0 0 1340 4392; baseline 0 0"><span class='ocrx_word' id='word_1_365' title='bbox 0 0 1340 4392; x_wconf 95' lang='lat' dir='ltr'><strong> </strong></span> 
     </span>
    </p>
   </div>
  </div>
 </body>
</html>
