2634 4392
173 298 232 380 mr
541 250 545 258 ’
598 292 760 357 unum

172 456 237 518 lere
249 456 383 535 undique
396 446 568 525 multitudo,
591 445 668 518 etse
682 446 808 533 quisque
817 444 954 535 paratum
974 452 1014 535 ad
1023 453 1172 535 spondeu-

174 536 246 597 dum
260 536 346 599 Icilio
359 535 527 597 ostendere.
568 536 669 612 Atque
679 532 730 593 ille
745 532 995 611 lacrimabundus,
1019 544 1037 571 “
1048 534 1174 599 Gratum

174 618 253 687 est,”
276 616 384 696 inquit,
404 627 421 652 ‘⁸
433 614 564 675 crastina
585 612 634 673 die
654 618 756 672 vestra
771 618 863 704 oper-t
886 618 971 682 utar;
1000 632 1173 693 sponsorum

172 714 254 756 nunc
269 696 341 759 satis
355 696 434 756 est”
474 693 521 756 lta
535 690 706 763 vindicatur
719 692 864 779 llirgmia,
878 693 1094 775 spondentibus
1108 714 1174 774 pro·

193 776 303 855 inquis
344 774 471 857 Appius,
483 772 646 855 paullisper
656 778 800 848 moratu,
813 790 851 832 ne
871 776 936 851 ejus
949 771 993 843 rei
1014 780 1107 835 causa
1130 794 1173 835 se·

172 795 255 915 disse
266 854 428 924 videretur,
434 861 604 935 postquam.
615 851 732 913 omissis
741 854 829 911 rebus
840 852 909 915 aliis
919 872 980 933 prae
992 872 1064 913 cura
1074 853 1173 927 unius,

172 951 262 997 nemo
281 936 391 1004 adibat,
405 934 524 994 domum
546 953 579 993 ee
591 930 707 1014 recepit
719 953 728 1001 ς
748 930 930 1013 collegisque
943 930 974 991 in
988 942 1088 997 castra
1103 934 1172 993 son'·

172 1015 226 1084 hic·
238 1028 256 1053 “
268 1036 306 1077 ne
320 1015 359 1074 Vi
395 1014 454 1077 'nio
468 1020 663 1075 commeatum
678 1010 762 1081 dent,
785 1010 978 1091 atque‘etiam
993 1011 1024 1070 in
1038 1012 1171 1075 custodia

171 1093 333 1156 habeantz”
393 1096 545 1177 mprobum
566 1092 724 1152 consilium
739 1111 847 1161 serum,
871 1098 905 1151 ut
918 1090 1031 1158 debuit,
1044 1090 1123 1151 fuit:
1143 1098 1172 1155 et

98 1239 103 1248 ,
168 1176 233 1255 jam
249 1182 415 1235 commeatu
428 1170 867 1309 sumptoprofectusVi'rptnius
881 1170 975 1265 prima
986 1170 1171 1263 vigilit'erat,

172 1264 398 1399 qpppquptqsrtero
419 1253 468 1314 die
481 1273 569 1330 mane
590 1253 628 1344 de
642 1258 757 1313 remen
781 1271 798 1311 o
812 1270 848 1311 eo
860 1252 1063 1343 nequicquam
1075 1250 1170 1315 luterae

585 1380 590 1390 o

161 1409 167 1424 '
210 1414 340 1486 XLVII.
361 1414 404 1475 At
416 1412 447 1473 in
461 1413 534 1472 urbe
546 1415 643 1495 pruma
656 1410 737 1481 luce,
757 1429 850 1491 quum
870 1410 978 1473 civitas
991 1409 1023 1471 in
1037 1410 1104 1475 foro
1122 1431 1167 1472 ex·
1222 1478 1223 1481 Ἴ

171 1495 358 1575 ⁴spectatione
381 1497 482 1552 erecto
502 1496 617 1561 staret3
636 1490 790 1575 Virginius
818 1490 989 1551 sordidatus
1009 1490 1105 1553 filiam
1125 1512 1168 1551 su·

170 1593 217 1650 em
232 1572 365 1639 obsoleta
385 1578 481 1641 ueste,
505 1569 715 1633 comitantibus
735 1570 849 1653 aliquot
861 1568 1015 1641 matronis,
1037 1592 1109 1633 cum
1128 1572 1167 1631 in·
1221 1570 1223 1605 ³

169 1653 252 1735 genti
267 1650 463 1713 advocatione
476 1650 507 1713 in
521 1650 619 1714 torum
632 1650 767 1713 deducit
805 1648 971 1712 Circumire
985 1650 1026 1713 ibi
1040 1658 1071 1713 et
1086 1672 1167 1733 pren·
1181 1698 1184 1705 .
1221 1710 1223 1727 .

169 1748 236 1795 sare
248 1730 384 1793 ho'mines
404 1732 518 1813 coe‘pit;
538 1736 569 1794 et
591 1751 652 1794 non
672 1738 755 1801 orare
776 1730 873 1791 soldm
894 1728 1064 1813 precariam
1077 1752 1167 1813 open.
1221 1748 1223 1813 ἶ

169 1814 223 1879 sed
244 1832 298 1904 pro
312 1810 413 1871 debita
425 1818 538 1893 petere,
560 1810 631 1871 “Se
673 1830 705 1870 ro
718 1808 819 1871 liberis
832 1829 933 1872 eorum
947 1832 982 1873 uc
997 1812 1167 1895 conjugibus
1222 1814 1223 1879 Σ

169 1890 302 1972 quotidie
316 1891 348 1951 in
364 1890 428 1951 acie
442 1896 542 1953 stare:
562 1908 619 1949 nec
633 1831 726 1951 adum
736 1888 832 1951 virum
847 1910 923 1961 esse,
943 1893 1027 1971 cujus
1048 1891 1167 1953 streuut
1222 1880 1223 1921 ³

664 1800 670 1813 l

168 1990 203 2033 ac
226 1970 365 2031 ferociter
387 1969 468 2031 facto
488 1968 519 2030 in
539 1968 619 2028 bella
639 1968 728 2049 plura
740 1970 896 2031 memorari
918 1974 1048 2061 possent.
1094 1969 1165 2045 Quid

189 2052 319 2119 maesse,
346 2048 381 2117 ei,
399 2047 543 2107 incolumi
554 2049 637 2117 urbe,
683 2066 742 2116 uae,
763 2054 862 2127 captt,
881 2050 985 2109 ultum
997 2048 1167 2119 timeantur,

163 2069 268 2192 deeris
280 2128 343 2190 suis
352 2128 413 2189 sint
421 2124 562 2209 patienda
571 2125 607 2184 ?”
684 2120 1165 2265 aecpropeconcionabunduscir·

168 2210 300 2289 eumibat
311 2207 454 2269 homines.
494 2204 610 2267 Similia
631 2204 679 2265 his
693 2208 730 2270 ab
762 2206 788 2267 ci

167 2295 248 2351 latus
262 2287 415 2350 muliebris
437 2287 507 2367 plus
520 2285 612 2347 tacito
625 2284 710 2355 fletu,
734 2286 825 2367 qudm
845 2286 910 2347 ulla
933 2306 1000 2359 vox,
1023 2292 1164 2351 movebat.

167 2370 324 2445 ,Adversus
351 2388 415 2447 quae
436 2364 535 2427 omnia
554 2366 703 2426 obstinato
730 2363 828 2425 animo
848 2366 965 2447 Appius
1001 2367 1101 2447 (tanta
1125 2366 1163 2429 vis

165 2449 306 2511 amentiae
321 2447 432 2527 veriti-s,
450 2446 541 2524 qualm
555 2444 673 2515 amoris,
686 2450 817 2507 mentem
830 2446 1015 2529 turbaverat)
1030 2446 1065 2511 iu
1075 2448 1162 2511 tribu·

164 2528 216 2609 nal
231 2525 387 2588 escenditr
408 2531 439 2586 et
452 2525 532 2585 ultro
552 2530 697 2603 querente
720 2543 817 2605 pauca
830 2525 966 2607 petitore.
990 2528 1103 2620 “quod
1118 2531 1161 2609 jus

165 2608 222 2668 sibi
263 2606 338 2666 ridie
358 2625 413 2687 per
426 2602 616 2665 ambitionem
640 2604 756 2665 dictum
776 2624 836 2665 non
858 2608 969 2676 esset,”
993 2626 1161 2701 priusquam

164 2693 218 2748 aut
236 2628 289 2745 dle
302 2685 483 2765 postulatum
496 2690 662 2765 perageret,
685 2689 737 2745 aut
751 2683 885 2765 virginio
898 2687 1102 2767 respondendr
1115 2686 1160 2747 da·

164 2773 248 2826 retur
268 2765 362 2833 locus,
388 2763 505 2845 Appius
526 2763 693 2823 interfatur.
735 2764 830 2837 Quem
855 2764 977 2827 decreto
1000 2786 1160 2839 sermonen

162 2843 369 2940 praetenderit,
383 2843 483 2903 forsan
496 2842 533 2903 al'
561 2862 627 2903 uem
641 2862 745 2903 verum
759 2849 897 2905 auctores
905 2845 1023 2925 antiqui
1032 2848 1159 2908 tradide-

162 2924 242 2994 rint3
263 2924 334 3017 quia
353 2939 501 3003 nusquam
521 2942 539 2981 u
566 2942 616 2982 um
637 2922 669 2982 in
684 2928 768 2983 tanta
781 2924 920 2987 surditate
933 2922 1049 2986 decreti
1063 2926 1159 2988 uerisi-

163 3006 265 3078 milem
278 3002 418 3074 mueni03
439 3002 481 3071 id,
501 3002 581 3081 quod
596 3007 724 3071 constat,
738 3003 854 3065 nudum
866 3006 984 3065 videtur
997 3025 1158 3120 proponen-

162 3084 250 3154 dum,
270 3084 439 3144 “decresse
460 3081 608 3145 uindicias
631 3082 796 3143 secundum
818 3085 1022 3147 servitutem)
1060 3084 1159 3147 'Primd

162 3172 267 3245 stupor
281 3182 385 3223 omnes
399 3160 594 3222 admiratione
609 3162 727 3223 reitum
741 3162 851 3225 atrocis
865 3164 969 3224 defixit
981 3186 990 3235 3
1011 3166 1158 3227 silentium

161 3244 233 3305 inde
247 3242 431 3321 aliquamdiu
444 3241 552 3301 tenuit.
592 3242 672 3301 Dein
693 3261 783 3321 quum
798 3242 844 3301 M.
858 3244 1013 3313 Claudius,
1036 3246 1158 3307 circum·

161 3322 311 3384 stantibus
321 3320 473 3389 matronis,
500 3320 558 3381 iret
571 3321 609 3380 ad
623 3320 865 3401 prehendendam
880 3324 1035 3406 virginem,
1050 3327 1157 3387 lamen·

159 3402 320 3481 tabilisque
334 3422 402 3461 eum
415 3400 572 3461 mulierum
587 3400 778 3483 comploratio
792 3404 975 3484 excepisset;
998 3404 1157 3499 Virginius,

802 2205 831 2267 io
846 2208 1059 2287 jactabantur3
1079 2207 1164 2270 comi·
1221 2258 1222 2263 ,

160 3484 314 3547 intentans
334 3481 366 3540 in
380 3479 512 3561 Appium
526 3501 640 3551 manus,
661 3493 679 3517 “
693 3480 936 3563 loilio,”<inquit‚
961 3495 979 3519 ‘⁴
987 3486 1079 3567 App1‚
1103 3502 1157 3543 non
1218 3512 1219 3561 p

159 3562 225 3633 tibi,
238 3560 329 3623 filiam
344 3560 509 3640 despondit
530 3561 611 3621 etad
625 3562 755 3641 nuptias,
766 3582 825 3622 non
837 3564 875 3622 ad
889 3568 1035 3645 stuprum,
1050 3566 1156 3625 educa·

161 3644 201 3705 vi.
242 3642 348 3701 Placet
361 3640 511 3721 pecudum
525 3640 715 3718 ferarumque
729 3642 789 3702 ritu
804 3642 968 3725 promiscue
980 3644 1011 3703 iu
1022 3642 1157 3704 concubi·

158 3732 210 3786 tus
222 3720 333 3780 ruere?
374 3719 532 3797 Passurioe
546 3720 612 3780 hac
625 3720 677 3779 isti
691 3721 760 3791 sint,
779 3722 900 3793 nescio;
921 3744 981 3785 non
994 3742 1080 3805 spero
1093 3740 1155 3784 esse

158 3820 298 3882 passuros
310 3798 388 3867 illos,
401 3798 454 3877 qui
464 3818 546 3857 arma
558 3798 699 3859 habent.”
740 3802 839 3877 Quum
852 3805 1048 3883 repelleretur
1062 3822 1156 3865 asser·

158 3889 205 3964 qor
217 3876 340 3967 virginis
361 3877 470 3956 {globo
490 3877 647 3939 mulierum
664 3880 979 3965 circumstantiumque
999 3884 1155 3945 advocatu·

159 3976 237 4043 rum,
250 3954 405 4043 edentium
416 3955 529 4020 factum
539 3975 593 4039 per
605 3979 786 4045 praecouam.
