2634 4392
526 316 655 376 nisan
668 315 727 376 ΙΙΙ.
921 336 933 341 ’“
1065 320 1122 377 1Ιῖ

136 477 206 537 inter
217 479 314 537 tabem
338 492 478 556 pecorum
489 473 713 553 hominumque,
725 473 844 535 desides
858 473 922 535 sine
932 472 1033 555 praeda
1046 478 1122 535 tem-

135 577 183 637 pus
194 560 335 625 tererem,
356 575 449 633 quum
468 554 584 635 integra
602 555 678 624 loca,
700 555 906 615 Tusculanum
926 574 1038 635 agrum,
1059 554 1122 635 opi-

135 656 206 696 mum
224 635 326 715 copiis,
350 639 453 716 petere
472 635 650 726 possentit’.
673 634 757 727 signa
770 634 890 715 repente
912 635 1123 703 convellerent.

134 713 370 795 transuersisque¹
385 713 540 775 itineribus
560 735 613 795 per
634 715 804 775 Lauicanos
828 733 913 795 agros
927 710 959 775 in
973 715 1124 775 Tuscula·

132 814 180 854 nos
193 796 284 855 colles
297 794 477 855 transirent:
497 795 533 854 eb
556 795 602 853 vis
614 794 711 853 omnis
724 801 945 875 tempestasque
957 793 1030 854 belli
1051 814 1123 854 con-

132 894 210 935 vcrsa
230 882 286 935 est.
327 874 453 935 Interim
474 873 600 933 Hernici
622 873 794 953 Latinique,
814 875 928 954 pudore
949 872 1048 955 etiarn,
1062 890 1123 934 non

132 953 330 1015 misericordis
357 956 466 1022 solum,
486 954 568 1022 moti,
588 953 614 1012 si
634 974 690 1013 nec
711 954 897 1015 obstitissent
920 954 1124 1021 communibus

131 1033 264 1105 hostibus,
285 1034 396 1095 infesto
417 1033 538 1125 agmine
558 1035 723 1093 Romanam
741 1036 843 1117 urbem
865 1033 1045 1113 petentibus,
1066 1054 1124 1093 nec
1219 1078 1220 1097 l

131 1134 209 1193 opem
221 1115 316 1175 ullam
336 1118 465 1173 obsessis
479 1112 567 1173 suciis
587 1112 710 1181 ferrent,
732 1115 892 1193 conjuncto
913 1113 1045 1173 exercitu
1060 1116 1122 1173 lto·
1219 1156 1220 1175 l

130 1214 200 1254 mam
213 1200 351 1275 pergunt.
374 1236 378 1242 ⁴
392 1192 452 1253 Ubi
466 1212 559 1271 quum
572 1192 672 1253 hostes
686 1198 745 1253 nori
759 1192 956 1262 invenissent,
970 1192 1065 1252 secuti
1078 1194 1123 1253 fa·
1219 1252 1220 1271 q

130 1293 200 1333 roam
214 1294 251 1334 ac
264 1273 398 1355 vestigia,
412 1272 490 1334 obvii
503 1272 581 1331 fiunt
594 1264 847 1333 descendentibus
858 1276 894 1333 ab
908 1273 1081 1333 Tusculano
1092 1273 1125 1333 in
1219 1340 1220 1347 ,

130 1354 273 1414 Albanam
286 1352 426 1422 ualleme
444 1352 484 1412 ibi
517 1351 748 1444 haudquaquam
773 1372 860 1432 aequo
880 1352 987 1436 proelio
1008 1372 1122 1443 pugna-
1219 1376 1220 1379 ¹

129 1437 184 1491 tum
198 1442 269 1502 est;
301 1432 436 1511 fidesque
450 1452 505 1492 sua
517 1451 606 1508 sucus
629 1452 734 1512 parum
747 1432 820 1493 felix
834 1432 865 1492 in
879 1436 1043 1515 praesentia
1056 1432 1122 1493 luit.
1219 1436 1220 1439 ’

130 1512 216 1572 Haud
237 1511 333 1571 minor
349 1513 454 1573 Romae
477 1512 512 1571 lit
531 1509 631 1571 morbo
651 1518 775 1593 strages,
798 1512 889 1591 qualm
913 1518 1025 1591 quanta
1044 1511 1123 1572 ferro
1219 1546 1220 1553 κ

128 1594 269 1653 sociorum
289 1590 370 1652 lacta
390 1598 473 1662 erat;
494 1592 608 1660 consul,
628 1591 681 1670 qui
695 1611 772 1652 unus
796 1598 957 1671 supererat,
980 1591 1123 1663 moritum
1219 1642 1220 1649 ,

127 1671 231 1732 mortui
251 1677 283 1733 et
295 1672 347 1732 alli
364 1672 441 1731 'clari
464 1670 531 1739 viri,
544 1672 590 1730 M.
604 1670 753 1739 Valerius,
767 1671 804 1729 T.
817 1671 970 1751 Virginius
992 1670 1123 1740 Rutilus,
1219 1714 1220 1749 q

128 1771 270 1833 augrrres3
291 1753 355 1811 Ser.
370 1749 530 1831 Sulpicius,
553 1748 814 1821 curiomaximus3
848 1756 880 1811 et
891 1770 945 1830 per
958 1750 1058 1830 ignota
1072 1770 1123 1811 ca·
1153 1768 1156 1773 ·
1219 1754 1220 1809 ἶ

126 1830 182 1967 pita
198 1832 261 1893 late
276 1836 402 1911 evagata
422 1834 469 1889 est
490 1827 536 1888 vis
563 1828 656 1889 morbi
668 1850 677 1899 ;
707 1828 853 1910 inopsque
878 1834 998 1911 senatus
1020 1828 1123 1890 anxilii
1219 1822 1220 1845 ³

143 1911 250 1980 nmani,
263 1911 303 1971 ad
316 1908 404 1971 'Deos
419 1908 561 1991 populum
574 1927 610 1969 ac
623 1914 693 1969 vota
709 1908 816 1980 vertit3
834 1908 913 1990 jussi
928 1928 995 1969 cum
1018 1911 1122 1989 conju·
1219 1952 1220 1965 ,

126 1988 202 2067 gibus
216 2010 256 2051 ac
272 1990 373 2051 liberis
394 1988 594 2070 supplicatum
617 1988 671 2059 ire,
689 2008 855 2070 pacemque
879 2008 1038 2070 exposcere
1060 1990 1123 2051 De·
1219 2000 1220 2069 ᾗ

127 2075 179 2128 tm.
221 2070 274 2129 Ad
286 2070 328 2137 id,
348 2070 428 2160 quod
441 2088 497 2128 sua
509 2087 659 2146 quemque
679 2069 758 2129 mala
771 2072 925 2151 cogebant,
939 2062 1118 2129 auctoritate
1219 2082 1220 2139 ζ

125 2149 241 2226 publica
252 2152 377 2216 avocati,
390 2148 489 2207 omnio
501 2146 790 2225 delubraimplent3
811 2154 913 2209 stratae
927 2148 1039 2227 passim
1059 2168 1123 2209 ma·

126 2233 188 2297 tres,
211 2226 346 2301 crinibus
368 2226 481 2305 templa-
499 2228 662 2295 verrentes,
675 2225 793 2287 veniam
806 2226 918 2287 irarum
945 2226 1121 2298 coelestiurn.

125 2305 271 2385 finemque
285 2307 364 2387 pesti
374 2326 411 2365 ex
433 2312 549 2367 oseunt.

157 2388 248 2447 Vlll.
269 2387 345 2448 lnde
357 2326 522 2467 paullatim,
534 2406 587 2446 seu
599 2406 674 2467 pace
692 2387 792 2447 Dcdm
803 2386 972 2467 impetrata,
987 2408 1039 2448 seu
1053 2408 1125 2471 gra-

125 2466 198 2527 tiore
211 2470 357 2547 ternpore.
367 2466 438 2526 anni
454 2467 516 2545 jam
532 2466 723 2534 circumacto,
734 2466 878 2527 defuncta
896 2468 1003 2528 morbis
1019 2488 1121 2549 corpo·

125 2563 152 2604 ra
165 2546 332 2608 salubriora
341 2565 408 2606 esse
420 2546 553 2625 incipere
565 2565 574 2616 ;
595 2545 750 2625 versisque
764 2547 871 2606 animis
886 2548 1003 2627 J‘am-ad
1024 2547 1122 2627 publi·

126 2644 183 2684 cam
197 2646 312 2697 curam,
339 2646 432 2705 quum
445 2626 560 2704 aliquot
584 2624 757 2706 interregna
769 2628 921 2695 exissent,
934 2628 967 2687 P.
980 2627 1120 2689 Valerius

126 2702 274 2767 Publicola
294 2706 383 2767 tertio
406 2704 466 2775 die,
500 2706 591 2783 quim
615 2705 819 2786 interregnum
845 2706 961 2775 inierat,
983 2706 1120 2767 consules

125 2795 198 2846 creat
225 2788 265 2846 L.
292 2786 467 2848 Lucretium
489 2784 703 2865 Tricipitinum
724 2796 755 2845 et
775 2788 813 2845 T.
835 2786 992 2845 Veturium
1018 2786 1120 2847 Gemi·

125 2880 205 2925 numu
227 2866 293 2926 sive
306 2866 358 2925 ille
372 2863 516 2925 Vetusius
529 2865 597 2924 suit
637 2869 719 2927 Ante
730 2866 945 2945 diem-tertium
960 2866 1032 2925 ldus
1046 2868 1120 2926 Sex·
1219 2912 1220 2939 ,

124 2942 187 3004 tiles
205 2946 398 3006 consulatum
421 2944 537 3013 ineunt,
559 2946 622 3023 jam
647 2945 720 3005 satis
744 2946 844 3005 valida
859 2945 989 3013 civitate,
1003 2951 1037 3005 ut
1058 2956 1120 3006 non
1219 2962 1220 3019 l

125 3024 213 3086 sulbm
236 3044 342 3085 arcere
364 3024 485 3092 bellum,
506 3024 558 3083 sed
580 3025 660 3083 ultro
673 3024 763 3083 etiam
784 3024 894 3084 inferre
908 3031 1017 3109 posset.
1058 3026 1119 3106 lgi-
1219 3026 1220 3109 l

124 3106 174 3173 tur,
186 3103 399 3167 nunciantibus
416 3102 565 3171 ller'nicis,
584 3106 616 3161 in
630 3103 705 3162 lines
726 3122 795 3163 suos
808 3104 1030 3163 transcendisse
1050 3104 1118 3164 hos·
1219 3116 1220 3173 l

124 3184 169 3251 tes,
191 3183 316 3275 impigre
338 3182 516 3263 promissum
535 3182 697 3251 auxilium3
730 3183 790 3242 duo
812 3184 982 3243 consulares
1004 3185 1117 3243 exerci·

124 3264 165 3320 tus
193 3262 319 3342 scripti-,i
345 3262 488 3337 Veturius
508 3262 618 3323 missus
638 3262 671 3331 in
695 3262 821 3323 Volscos
842 3263 881 3323 ad
901 3263 1017 3323 bellum
1036 3264 1115 3323 ultro
1219 3278 1220 3329 3

123 3337 313 3416 inferendum.
373 3340 581 3423 Tricipitinus,
596 3333 842 3443 “populationibus
863 3343 1001 3403 arcendis
1023 3344 1117 3404 socio·
1219 3346 1220 3415 J

123 3437 180 3479 rum
194 3442 266 3501 agro
277 3422 453 3515 oppositus,
468 3441 526 3481 non
540 3423 724 3501 ultraquam
748 3422 780 3481 in
803 3420 958 3491 Hernicos,
973 3424 1117 3505 procedit.

123 3497 259 3560 Veturius
272 3522 365 3581 prnno
378 3502 484 3593 proelio
498 3502 597 3562 hostes
610 3500 711 3561 fundit
734 3501 886 3581 fugatque.
928 3503 1114 3573 Lucretium,

123 3576 186 3638 dum
210 3580 243 3639 in
266 3581 406 3641 Hernicis
426 3581 521 3650 sedet,
555 3581 728 3660 praedonum
750 3601 854 3661 agmen
875 3582 994 3652 lelelllt,
1026 3602 1116 3662 supra

122 3668 231 3721 montes
267 3661 468 3721 Praenestinos
491 3662 625 3730 ductum,
646 3659 717 3720 inde
751 3660 912 3721 demissum
933 3662 965 3721 in
987 3680 1115 3741 campos.

121 3734 277 3801 Vastavere
291 3755 377 3821 agros
396 3739 617 3801 Praenestinum
638 3740 867 3819 Gabinumque3
889 3762 926 3801 ex
947 3739 1062 3801 Gabino
1081 3741 1113 3803 in
1219 3792 1220 3795 ,

122 3813 304 3881 Tusculanos
325 3819 435 3879 flexere
449 3821 560 3890 colles3
580 3820 646 3879 urbi
666 3822 900 3899 quoque'ltomae
913 3820 1019 3913 ingens
1034 3839 1115 3900 prae·
1219 3872 1220 3877 ,

122 3894 196 3957 bitus
207 3903 311 3973 terror,
334 3898 428 3983 magis
453 3901 485 3963 in
498 3920 531 3963 re
553 3899 660 3972 subita,
682 3901 773 3984 quim
794 3900 875 3981 qutd
896 3890 935 3983 ud
955 3900 1113 3965 air-cendum
