2634 4392
136 205 197 268 eoo
476 207 480 213 ·
552 173 715 273 mmm
776 304 780 308 Α
860 289 865 294 ,
1229 292 1231 299 Ι

178 365 292 430 xmv.
324 367 499 435 senonen
516 370 650 452 semum
668 321 791 433 comite
813 377 885 437 sunt
902 369 1032 440 unios
1045 367 1143 432 ems
1229 336 1231 427 ἲ

87 507 88 510 ,
139 448 252 511 tribuni
261 449 410 510 consulari
422 456 572 532 potestate
586 448 690 512 omnes
741 448 1148 526 tricii,‘L.Quinetius0in5

140 529 279 593 einnatus
291 527 425 601 tertium,
439 531 477 590 L.
490 527 598 592 Furius
607 531 705 592 Medu
719 531 797 594 linus
806 531 929 606 iterum,
937 531 984 591 M.
994 528 1150 600 Manlius,

141 616 180 671 Δ.
194 607 385 692 Sempronius
399 610 565 672 Atratinus.
606 611 674 672 Hoc
686 611 806 673 tribuno
825 610 947 672 comitia
958 617 1148 690 quaestorum

138 690 276 762 labente,
295 690 526 770 petentibusque
545 690 627 756 inter
638 690 754 773 aliquot
776 692 909 774 plebeios
929 691 991 752 filio
1013 689 1146 754 Antistii
1229 768 1231 771 Ι

140 768 253 830 tribuni
292 769 399 852 plebio,
426 778 472 831 ·et
509 766 603 832 fratre
629 770 754 833 alterius
788 771 902 834 tribuni
935 771 1032 852 plebis
1075 773 1148 834 Sex·

139 849 289 932 Pompilii,
307 870 363 913 nec
375 855 516 933 potestas,
536 870 593 912 nee
614 851 785 934 suffragatio
803 852 911 912 horum
930 852 1036 920 ualuit,
1057 849 1148 944 quin,

114 942 116 948 ’
141 949 268 1010 quorum
288 931 396 992 Patres
416 951 546 1012 avosque
570 931 709 992 eonsules
727 931 878 1003 videraut,
904 951 956 994 ene
986 931 1148 996 nobilitate
1229 970 1231 973 -

141 1010 333 1091 preferrent,
367 1011 481 1072 Furore
492 1031 597 1072 omnes
610 1009 724 1075 tribuni
738 1012 840 1094 plebis,
853 1018 924 1073 aute
937 1031 1042 1082 omnes
1055 1013 1148 1076 Pom·

142 1089 234 1172 pilius
255 1087 476 1172 Antistiusque,
488 1093 611 1174 repulse
632 1111 752 1172 suornm
764 1093 894 1161 accensi,
913 1103 932 1129 “
942 1092 1096 1166 Quidnam
1115 1091 1148 1152 id
1229 1086 1231 1099 '

141 1171 187 1231 rei
198 1172 301 1232 esset?
321 1191 379 1233 nou
392 1171 454 1232 suis
466 1172 630 1242 beneficiis,
649 1193 711 1234 non
724 1173 849 1234 Petrum
868 1172 996 1255 injuriis,
1009 1191 1073 1233 uon
1092 1171 1149 1233 de-

142 1250 235 1330 nique
247 1253 411 1332 usurpandi
423 1249 559 1322 libidine,
579 1253 786 1333 quumliceat,
796 1253 879 1332 quod
891 1253 964 1317 ¹nune
977 1271 1039 1313 non
1052 1251 1150 1313 lione·

143 1332 193 1401 rit,
204 1330 230 1392 si
243 1351 304 1392 nou
314 1331 465 1393 tribunum
476 1332 644 1407 militarem,
654 1352 694 1392 ue
707 1338 888 1412 quaestouem
903 1333 1027 1412 quidem
1060 1352 1147 1393 uem·

142 1417 233 1491 quam
243 1429 281 1472 ex
294 1411 380 1492 plebe
393 1409 525 1482 factum
545 1431 605 1474 nou
619 1411 750 1473 valuisse
763 1410 859 1494 patris
879 1433 933 1493 pro
948 1410 1021 1483 filio,
1040 1351 1147 1473 imnis

144 1511 198 1572 pro
212 1492 304 1553 fratre
317 1507 435 1571 preces,
453 1491 638 1552 tn'bunomm
651 1492 757 1573 plebis,
770 1491 928 1570 potestatis
937 1498 1152 1562 sacrosanctae,

146 1573 185 1632 ed
208 1570 352 1632 auxilium
371 1568 518 1634 libertatis
540 1577 659 1633 ereatee.
681 1572 829 1634 Fraudem
851 1573 989 1652 profecte
1001 1572 1031 1632 in
1049 1591 1083 1631 re
1094 1591 1148 1633 es·

146 1671 189 1720 se,
210 1657 241 1711 et
255 1651 294 1716 A.
314 1651 524 1748 §emproninm
544 1650 754 1734 comitiisplns
768 1651 841 1714 artis
855 1651 1034 1722 adhibuisse,
1049 1651 1147 1731 quem

148 1730 232 1792 fidei.
284 1732 361 1812 EJns
387 1731 497 1812 mJurit
525 1732 611 1812 queri
631 1752 700 1792 suos
719 1731 830 1792 honore
850 1730 1017 1813 dejectos.”
1037 1731 1148 1811 Itaque

147 1833 240 1891 quum
253 1811 285 1872 iu
298 1809 407 1893 ipsum,
433 1818 465 1872 et
477 1812 651 1872 innocentie
677 1818 776 1872 tutum
791 1818 823 1873 et
834 1812 1021 1893 magistratu,
1042 1811 1076 1872 in
1089 1831 1151 1891 qno

147 1897 309 1960 tumuerat,
330 1891 459 1970 impetus
480 1891 545 1952 lieri
560 1911 618 1952 non
633 1898 743 1972 posset,
767 1890 879 1952 flexere
892 1895 950 1952 iras
963 1892 995 1950 in
1009 1893 1047 1950 C.
1063 1893 1151 1952 Sem·

148 1970 295 2052 pannium,
315 1971 482 2050 patruelem
496 1969 649 2030 Atratini:
671 1966 759 2049 eique
783 1973 819 2032 ob
832 1971 1021 2053 ignominiam
1043 1971 1152 2034 Volsci

149 2049 232 2120 belli,
252 2049 517 2132 adjutoreqcollegt
538 2050 584 2110 M.
598 2050 755 2123 Canuleio,
768 2050 974 2124 diemdixem.
1015 2051 1150 2115 Subinde

147 2133 184 2191 ab
198 2129 311 2190 eisdem
321 2129 448 2191 tribunis
460 2129 573 2192 mentio
586 2129 619 2192 in
633 2131 792 2200 senatude
805 2131 884 2212 agris
898 2131 1150 2215 dividendislilla·

148 2216 248 2282 tuest,
271 2209 332 2292 (cui
345 2209 457 2272 actioni
478 2230 595 2291 semper
609 2211 753 2272 acerrime
774 2212 810 2272 G.
824 2212 1018 2292 Sempronius
1030 2213 1151 2293 restite·

148 2291 207 2374 rat)
220 2290 303 2362 ratis,
312 2290 342 2353 id
358 2291 438 2370 quod
452 2296 591 2360 enatant
603 2291 740 2372 depositt
753 2297 845 2352 eaust
858 2291 1002 2352 leviorem
1016 2290 1149 2354 futorum

150 2372 231 2452 apud
239 2369 345 2432 Patres
357 2390 449 2442 reum,
462 2376 514 2432 aut
527 2377 767 2450 perseverantem
777 2374 832 2431 sub
837 2371 946 2451 judieii
956 2378 1076 2454 tempus
1084 2374 1148 2453 ple·

150 2453 218 2512 bem
240 2451 429 2525 offensurum.
469 2451 616 2516 Adversa
643 2449 766 2512 invidiee
786 2451 876 2532 objici
894 2451 1013 2522 maluit,
1036 2459 1070 2514 et
1087 2469 1150 2513 snm

150 2549 261 2593 nocere
285 2549 396 2600 eausae,
420 2530 511 2609 quem
531 2527 660 2610 publieae
675 2531 802 2604 deesse3
823 2531 967 2612 stetitque
989 2531 1023 2591 in
1046 2533 1152 2594 eadem

152 2610 311 2681 sententia,
325 2608 403 2670 “Ne
417 2629 477 2690 qne
486 2609 614 2694 largitio,
628 2631 751 2676 cessura
762 2610 796 2686 iu
809 2611 900 2672 trium
917 2612 1043 2693 gratiam
1056 2613 1151 2675 tribu·

151 2691 383 2761 nornm,s1eret;
396 2709 453 2750 nee
463 2696 529 2751 tum
542 2711 645 2771 agrum
655 2691 743 2771 plebi,
757 2691 811 2752 sed
820 2691 876 2759 sibi
885 2691 1154 2774 invidiamquoeri·

153 2772 193 2831 Se
207 2789 325 2850 quoque
337 2768 502 2830 subiturum
516 2789 582 2830 eam
595 2775 803 2849 tempestatem
817 2770 886 2831 forti
894 2772 1017 2843 -anim03
1036 2793 1096 2834 nec
1108 2793 1153 2833 se·

152 2847 327 2912 mutuitanti
342 2867 374 2909 se
388 2846 493 2918 civem,
507 2855 753 2929 sutquemquam
766 2850 857 2913 alium
869 2850 977 2916 debere
987 2871 1066 2924 esse,
1079 2851 1154 2914 utin

153 2930 304 3012 parcendo
317 2929 370 2989 uni
383 2929 494 2989 malum
508 2925 660 3014 publicum
670 2930 754 2991 fiam’
795 2930 898 2992 Nihilo
906 2931 1083 2993 demissiore
1092 2931 1157 2994 aui-
1229 2930 1231 2945 ²

154 3031 212 3082 mo,
239 3031 331 3092 quum
346 3008 515 3087 dies-venit,
539 3016 629 3070 causat
651 3007 716 3091 ipse
728 3032 781 3092 pro
795 3031 827 3073 se
840 3010 933 3081 dicte,
953 3012 1155 3093 nequicquam

155 3092 254 3174 omnia
278 3089 408 3174 expertis
422 3089 571 3160 Patribus,
593 3097 628 3150 ut
640 3091 811 3173 mitigarent
834 3092 959 3172 plebem,
982 3093 1156 3171 quindecim

154 3173 286 3233 millibus
302 3171 370 3233 aeris
384 3171 552 3230 damnatur.
590 3171 704 3232 Eodem
716 3191 794 3232 anno
804 3171 966 3242 Postumia,
985 3171 1071 3254 virgo
1082 3175 1159 3233 Ves-

155 3251 236 3321 talis,
249 3251 287 3312 de
302 3251 418 3311 incestu
433 3269 552 3310 causam
564 3249 652 3322 dixit,
666 3250 791 3312 erimine
804 3251 944 3323 inuexia3
963 3254 1001 3312 ob
1011 3253 1159 3334 suspicio·

156 3352 224 3392 nem
236 3335 358 3412 propter
368 3331 483 3391 cultum
497 3329 691 3394 amoeniorem
699 3331 912 3414 ingeniumque
920 3331 1054 3402 liberius,
1066 3335 1158 3412 quim

156 3409 302 3494 virginem
310 3411 520 3492 decet,parnm
530 3409 691 3476 abhorrens
700 3410 819 3473 faniam.
844 3411 1160 3492 Amplistam‚deinde
1184 3446 1188 3451 ν

156 3492 333 3561 absolutam,
345 3509 400 3571 pro
413 3489 533 3572 collegii
545 3491 696 3552 sententia
704 3481 838 3572 pontifex
848 3493 997 3552 maximus
1006 3492 1160 3554 abstinero

153 3571 241 3653 jocis,
251 3571 369 3651 colique
379 3569 483 3632 sancte
493 3569 703 3651 potiusquam
716 3572 800 3641 scite,
809 3571 910 3653 jussit.
949 3573 1066 3634 Eodem
1079 3592 1160 3635 anuo

158 3651 351 3734 &Campanis
365 3650 482 3719 Cumae,
492 3669 582 3728 quem
597 3651 699 3712 Graeci
711 3658 776 3712 tum
788 3654 891 3712 urbem
905 3653 1058 3724 tenebant,
1074 3651 1159 3734 cepi·

87 3783 88 3786 ,
156 3737 258 3791 untur.
299 3732 465 3809 Insequens
479 3731 723 3792 eunustribnnos
736 3730 863 3793 militum
885 3732 1036 3794 consulari
1055 3738 1160 3813 potes·

87 3859 88 3890 ξ
158 3819 222 3871 tate
235 3810 345 3879 habuit,
370 3809 464 3950 Agrip
485 3827 534 3870 am
547 3811 723 3872 Menenium
738 3812 897 3884 Lanatum,
923 3812 958 3873 P.
978 3811 1160 3876 Lumntinn

156 3883 379 3968 Tricipitinum,

87 4019 130 4188 l

415 3909 445 3970 p.
491 3890 605 3954 antium
616 3890 764 3955 Rutilum.
