<?xml version="1.0" encoding="UTF-8"?>
<!DOCTYPE html PUBLIC "-//W3C//DTD XHTML 1.0 Transitional//EN"
    "http://www.w3.org/TR/xhtml1/DTD/xhtml1-transitional.dtd">
<html xmlns="http://www.w3.org/1999/xhtml" xml:lang="en" lang="en">
 <head>
  <title>
</title>
<meta http-equiv="Content-Type" content="text/html;charset=utf-8" />
  <meta name='ocr-system' content='tesseract 3.04.00' />
  <meta name='ocr-capabilities' content='ocr_page ocr_carea ocr_par ocr_line ocrx_word'/>
</head>
<body>
  <div class='ocr_page' id='page_1' title='image "./titiliviipatavi02livygoog_0164.png"; bbox 0 0 2634 4392; ppageno 0'>
   <div class='ocr_carea' id='block_1_1' title="bbox 160 387 740 464">
    <p class='ocr_par' dir='ltr' id='par_1_1' title="bbox 160 387 740 464">
     <span class='ocr_line' id='line_1_1' title="bbox 160 387 740 464; baseline -0.017 -4"><span class='ocrx_word' id='word_1_1' title='bbox 160 395 219 464; x_wconf 71' lang='lat' dir='ltr'><strong>m</strong></span> <span class='ocrx_word' id='word_1_2' title='bbox 576 387 740 462; x_wconf 62' lang='lat' dir='ltr'><strong>&#39;lt-mvn</strong></span> 
     </span>
    </p>
   </div>
   <div class='ocr_carea' id='block_1_2' title="bbox 158 497 1165 639">
    <p class='ocr_par' dir='ltr' id='par_1_2' title="bbox 158 497 1165 639">
     <span class='ocr_line' id='line_1_2' title="bbox 158 497 1165 639; baseline -0.015 -19"><span class='ocrx_word' id='word_1_3' title='bbox 158 575 285 639; x_wconf 78' lang='lat' dir='ltr'><strong>semper,</strong></span> <span class='ocrx_word' id='word_1_4' title='bbox 293 553 374 614; x_wconf 68' lang='lat' dir='ltr'><strong>sires</strong></span> <span class='ocrx_word' id='word_1_5' title='bbox 383 553 469 615; x_wconf 83' lang='lat' dir='ltr'><strong>none</strong></span> <span class='ocrx_word' id='word_1_6' title='bbox 528 549 700 612; x_wconf 84' lang='lat' dir='ltr'><strong>rientur.l</strong></span> <span class='ocrx_word' id='word_1_7' title='bbox 752 497 1165 616; x_wconf 61' lang='lat' dir='ltr'><strong>uomentium-nna·</strong></span> 
     </span>
    </p>
   </div>
   <div class='ocr_carea' id='block_1_3' title="bbox 159 569 1159 722">
    <p class='ocr_par' dir='ltr' id='par_1_3' title="bbox 159 569 1159 722">
     <span class='ocr_line' id='line_1_3' title="bbox 159 569 1159 722; baseline -0.011 -25"><span class='ocrx_word' id='word_1_8' title='bbox 159 645 211 700; x_wconf 78' lang='lat' dir='ltr'><strong>seu</strong></span> <span class='ocrx_word' id='word_1_9' title='bbox 221 654 291 695; x_wconf 86' lang='lat' dir='ltr'><strong>vera</strong></span> <span class='ocrx_word' id='word_1_10' title='bbox 305 640 384 703; x_wconf 87' lang='lat' dir='ltr'><strong>sunt,</strong></span> <span class='ocrx_word' id='word_1_11' title='bbox 398 569 545 722; x_wconf 44' lang='lat' dir='ltr'><strong>conexa</strong></span> <span class='ocrx_word' id='word_1_12' title='bbox 557 641 662 722; x_wconf 87' lang='lat' dir='ltr'><strong>parata</strong></span> <span class='ocrx_word' id='word_1_13' title='bbox 673 627 756 688; x_wconf 87' lang='lat' dir='ltr'><strong>vobis</strong></span> <span class='ocrx_word' id='word_1_14' title='bbox 769 627 939 710; x_wconf 82' lang='lat' dir='ltr'><strong>plebescet,</strong></span> <span class='ocrx_word' id='word_1_15' title='bbox 952 624 988 696; x_wconf 83' lang='lat' dir='ltr'><strong>si,</strong></span> <span class='ocrx_word' id='word_1_16' title='bbox 999 626 1159 694; x_wconf 70' lang='lat' dir='ltr'><strong>manubiis</strong></span> 
     </span>
    </p>
   </div>
   <div class='ocr_carea' id='block_1_4' title="bbox 157 705 1162 952">
    <p class='ocr_par' dir='ltr' id='par_1_4' title="bbox 157 705 1162 952">
     <span class='ocr_line' id='line_1_4' title="bbox 158 705 1161 784; baseline -0.012 -6"><span class='ocrx_word' id='word_1_17' title='bbox 158 714 294 784; x_wconf 76' lang='lat' dir='ltr'>redditis,</span> <span class='ocrx_word' id='word_1_18' title='bbox 317 733 406 774; x_wconf 90' lang='lat' dir='ltr'><strong>unam</strong></span> <span class='ocrx_word' id='word_1_19' title='bbox 427 712 504 772; x_wconf 87' lang='lat' dir='ltr'><strong>hanc</strong></span> <span class='ocrx_word' id='word_1_20' title='bbox 517 707 802 772; x_wconf 79' lang='lat' dir='ltr'><strong>civitatemtnnder&#39;u</strong></span> <span class='ocrx_word' id='word_1_21' title='bbox 815 705 940 776; x_wconf 79' lang='lat' dir='ltr'><strong>fecitis3</strong></span> <span class='ocrx_word' id='word_1_22' title='bbox 959 707 985 768; x_wconf 88' lang='lat' dir='ltr'><strong>si</strong></span> <span class='ocrx_word' id='word_1_23' title='bbox 1006 706 1161 770; x_wconf 82' lang='lat' dir='ltr'><strong>coalesce-</strong></span> 
     </span>
     <span class='ocr_line' id='line_1_5' title="bbox 157 784 1160 882; baseline -0.012 -26"><span class='ocrx_word' id='word_1_24' title='bbox 157 815 199 865; x_wconf 85' lang='lat' dir='ltr'><strong>re,</strong></span> <span class='ocrx_word' id='word_1_25' title='bbox 227 795 253 855; x_wconf 89' lang='lat' dir='ltr'><strong>si</strong></span> <span class='ocrx_word' id='word_1_26' title='bbox 269 797 356 874; x_wconf 86' lang='lat' dir='ltr'><strong>jungi</strong></span> <span class='ocrx_word' id='word_1_27' title='bbox 370 790 547 882; x_wconf 71' lang='lat' dir='ltr'><strong>miscerique</strong></span> <span class='ocrx_word' id='word_1_28' title='bbox 570 787 790 880; x_wconf 77' lang='lat' dir='ltr'><strong>vobispn&#39;vatis</strong></span> <span class='ocrx_word' id='word_1_29' title='bbox 802 784 1076 879; x_wconf 81' lang='lat' dir='ltr'><strong>peccesitudinibus</strong></span> <span class='ocrx_word' id='word_1_30' title='bbox 1089 806 1160 878; x_wconf 84' lang='lat' dir='ltr'><strong>pos-</strong></span> 
     </span>
     <span class='ocr_line' id='line_1_6' title="bbox 158 865 1162 952; baseline -0.008 -18"><span class='ocrx_word' id='word_1_31' title='bbox 158 882 230 938; x_wconf 86' lang='lat' dir='ltr'><strong>sunt</strong></span> <span class='ocrx_word' id='word_1_32' title='bbox 244 895 253 945; x_wconf 85' lang='lat'>;</span> <span class='ocrx_word' id='word_1_33' title='bbox 274 871 300 933; x_wconf 90' lang='lat' dir='ltr'><strong>si</strong></span> <span class='ocrx_word' id='word_1_34' title='bbox 313 892 391 952; x_wconf 77' lang='lat' dir='ltr'><strong>spes,</strong></span> <span class='ocrx_word' id='word_1_35' title='bbox 412 890 437 932; x_wconf 80' lang='lat' dir='ltr'><strong>si</strong></span> <span class='ocrx_word' id='word_1_36' title='bbox 451 869 550 950; x_wconf 80' lang='lat' dir='ltr'><strong>editus</strong></span> <span class='ocrx_word' id='word_1_37' title='bbox 568 869 608 931; x_wconf 91' lang='lat' dir='ltr'><strong>ad</strong></span> <span class='ocrx_word' id='word_1_38' title='bbox 621 869 747 928; x_wconf 86' lang='lat' dir='ltr'><strong>honores</strong></span> <span class='ocrx_word' id='word_1_39' title='bbox 759 887 831 928; x_wconf 81' lang='lat' dir='ltr'><strong>viris</strong></span> <span class='ocrx_word' id='word_1_40' title='bbox 844 872 976 926; x_wconf 82' lang='lat' dir='ltr'><strong>strenuis</strong></span> <span class='ocrx_word' id='word_1_41' title='bbox 987 872 1020 926; x_wconf 89' lang='lat' dir='ltr'><strong>et</strong></span> <span class='ocrx_word' id='word_1_42' title='bbox 1033 865 1162 932; x_wconf 71' lang='lat' dir='ltr'><strong>fortibus</strong></span> 
     </span>
    </p>
   </div>
   <div class='ocr_carea' id='block_1_5' title="bbox 157 943 1211 1029">
    <p class='ocr_par' dir='ltr' id='par_1_5' title="bbox 157 943 1211 1029">
     <span class='ocr_line' id='line_1_7' title="bbox 157 943 1211 1029; baseline -0.01 -13"><span class='ocrx_word' id='word_1_43' title='bbox 157 956 271 1025; x_wconf 88' lang='lat' dir='ltr'><strong>datur;</strong></span> <span class='ocrx_word' id='word_1_44' title='bbox 291 953 317 1012; x_wconf 88' lang='lat' dir='ltr'><strong>si</strong></span> <span class='ocrx_word' id='word_1_45' title='bbox 339 953 370 1012; x_wconf 89' lang='lat' dir='ltr'><strong>in</strong></span> <span class='ocrx_word' id='word_1_46' title='bbox 385 948 541 1018; x_wconf 90' lang='lat' dir='ltr'><strong>consortio,</strong></span> <span class='ocrx_word' id='word_1_47' title='bbox 565 949 645 1010; x_wconf 88' lang='lat' dir='ltr'><strong>siin</strong></span> <span class='ocrx_word' id='word_1_48' title='bbox 670 947 811 1012; x_wconf 75' lang='lat' dir='ltr'><strong>sticietate</strong></span> <span class='ocrx_word' id='word_1_49' title='bbox 824 943 997 1029; x_wconf 82' lang='lat' dir='ltr'><strong>reipublicae</strong></span> <span class='ocrx_word' id='word_1_50' title='bbox 1020 965 1099 1015; x_wconf 86' lang='lat' dir='ltr'><strong>esse,</strong></span> <span class='ocrx_word' id='word_1_51' title='bbox 1127 946 1162 1016; x_wconf 82' lang='lat' dir='ltr'><strong>si.</strong></span> <span class='ocrx_word' id='word_1_52' title='bbox 1206 959 1211 966; x_wconf 84' lang='lat'>&#39;</span> 
     </span>
    </p>
   </div>
   <div class='ocr_carea' id='block_1_6' title="bbox 158 1025 1162 1348">
    <p class='ocr_par' dir='ltr' id='par_1_6' title="bbox 158 1025 1162 1348">
     <span class='ocr_line' id='line_1_8' title="bbox 158 1025 1160 1115; baseline -0.01 -21"><span class='ocrx_word' id='word_1_53' title='bbox 158 1035 239 1115; x_wconf 83' lang='lat' dir='ltr'><strong>quod</strong></span> <span class='ocrx_word' id='word_1_54' title='bbox 253 1052 348 1112; x_wconf 77' lang='lat' dir='ltr'><strong>oeqnae</strong></span> <span class='ocrx_word' id='word_1_55' title='bbox 363 1029 510 1091; x_wconf 77' lang='lat' dir='ltr'>libertatis</span> <span class='ocrx_word' id='word_1_56' title='bbox 522 1035 580 1098; x_wconf 83' lang='lat' dir='ltr'><strong>est,</strong></span> <span class='ocrx_word' id='word_1_57' title='bbox 594 1029 627 1089; x_wconf 89' lang='lat' dir='ltr'><strong>in</strong></span> <span class='ocrx_word' id='word_1_58' title='bbox 641 1026 738 1089; x_wconf 86' lang='lat' dir='ltr'><strong>vicem</strong></span> <span class='ocrx_word' id='word_1_59' title='bbox 752 1025 859 1088; x_wconf 85' lang='lat' dir='ltr'><strong>annuis</strong></span> <span class='ocrx_word' id='word_1_60' title='bbox 871 1025 1093 1107; x_wconf 83' lang='lat' dir='ltr'><strong>magistratibus</strong></span> <span class='ocrx_word' id='word_1_61' title='bbox 1107 1046 1160 1106; x_wconf 83' lang='lat' dir='ltr'><strong>pa·</strong></span> 
     </span>
     <span class='ocr_line' id='line_1_9' title="bbox 159 1105 1161 1191; baseline -0.01 -15"><span class='ocrx_word' id='word_1_62' title='bbox 159 1136 225 1176; x_wconf 89' lang='lat' dir='ltr'><strong>rere</strong></span> <span class='ocrx_word' id='word_1_63' title='bbox 240 1119 330 1190; x_wconf 88' lang='lat' dir='ltr'><strong>atque</strong></span> <span class='ocrx_word' id='word_1_64' title='bbox 344 1109 513 1191; x_wconf 83' lang='lat' dir='ltr'><strong>imperitare</strong></span> <span class='ocrx_word' id='word_1_65' title='bbox 526 1109 607 1170; x_wconf 84' lang='lat' dir='ltr'><strong>licet.</strong></span> <span class='ocrx_word' id='word_1_66' title='bbox 645 1109 681 1167; x_wconf 85' lang='lat' dir='ltr'><strong>Si</strong></span> <span class='ocrx_word' id='word_1_67' title='bbox 701 1109 768 1171; x_wconf 72' lang='lat' dir='ltr'><strong>hacc</strong></span> <span class='ocrx_word' id='word_1_68' title='bbox 781 1105 925 1186; x_wconf 73' lang='lat' dir='ltr'>impediet</span> <span class='ocrx_word' id='word_1_69' title='bbox 937 1105 1059 1184; x_wconf 87' lang='lat' dir='ltr'><strong>aliquis,</strong></span> <span class='ocrx_word' id='word_1_70' title='bbox 1083 1105 1161 1166; x_wconf 78' lang='lat' dir='ltr'><strong>ferte</strong></span> 
     </span>
     <span class='ocr_line' id='line_1_10' title="bbox 158 1185 1162 1270; baseline -0.012 -14"><span class='ocrx_word' id='word_1_71' title='bbox 158 1193 354 1260; x_wconf 74' lang='lat' dir='ltr'><strong>sermonibus,</strong></span> <span class='ocrx_word' id='word_1_72' title='bbox 380 1199 411 1250; x_wconf 87' lang='lat' dir='ltr'><strong>et</strong></span> <span class='ocrx_word' id='word_1_73' title='bbox 429 1189 630 1270; x_wconf 83' lang='lat' dir='ltr'><strong>multiplicate</strong></span> <span class='ocrx_word' id='word_1_74' title='bbox 646 1188 736 1261; x_wconf 75' lang='lat' dir='ltr'><strong>&#39;faint</strong></span> <span class='ocrx_word' id='word_1_75' title='bbox 757 1185 856 1257; x_wconf 85' lang='lat' dir='ltr'><strong>bella;</strong></span> <span class='ocrx_word' id='word_1_76' title='bbox 875 1191 964 1246; x_wconf 88' lang='lat' dir='ltr'><strong>nenio</strong></span> <span class='ocrx_word' id='word_1_77' title='bbox 983 1195 1032 1246; x_wconf 88' lang='lat' dir='ltr'><strong>est</strong></span> <span class='ocrx_word' id='word_1_78' title='bbox 1052 1203 1162 1244; x_wconf 85' lang='lat' dir='ltr'><strong>nomen</strong></span> 
     </span>
     <span class='ocr_line' id='line_1_11' title="bbox 158 1264 1161 1348; baseline -0.013 -13"><span class='ocrx_word' id='word_1_79' title='bbox 158 1275 294 1342; x_wconf 74' lang='lat' dir='ltr'><strong>daturus,</strong></span> <span class='ocrx_word' id='word_1_80' title='bbox 308 1265 393 1331; x_wconf 86' lang='lat' dir='ltr'><strong>neino</strong></span> <span class='ocrx_word' id='word_1_81' title='bbox 407 1281 487 1329; x_wconf 85' lang='lat' dir='ltr'><strong>anna</strong></span> <span class='ocrx_word' id='word_1_82' title='bbox 501 1279 651 1348; x_wconf 86' lang='lat' dir='ltr'><strong>capturus,</strong></span> <span class='ocrx_word' id='word_1_83' title='bbox 677 1287 764 1326; x_wconf 86' lang='lat' dir='ltr'><strong>nemo</strong></span> <span class='ocrx_word' id='word_1_84' title='bbox 776 1264 974 1326; x_wconf 88' lang='lat' dir='ltr'><strong>dimicaturus</strong></span> <span class='ocrx_word' id='word_1_85' title='bbox 987 1286 1042 1346; x_wconf 92' lang='lat' dir='ltr'><strong>pro</strong></span> <span class='ocrx_word' id='word_1_86' title='bbox 1056 1283 1161 1345; x_wconf 89' lang='lat' dir='ltr'><strong>snper·</strong></span> 
     </span>
    </p>
   </div>
   <div class='ocr_carea' id='block_1_7' title="bbox 156 1344 1228 1428">
    <p class='ocr_par' dir='ltr' id='par_1_7' title="bbox 156 1344 1228 1428">
     <span class='ocr_line' id='line_1_12' title="bbox 156 1344 1228 1428; baseline -0.007 -13"><span class='ocrx_word' id='word_1_87' title='bbox 156 1351 203 1416; x_wconf 91' lang='lat' dir='ltr'><strong>bis</strong></span> <span class='ocrx_word' id='word_1_88' title='bbox 216 1350 353 1422; x_wconf 81' lang='lat' dir='ltr'><strong>dominis,</strong></span> <span class='ocrx_word' id='word_1_89' title='bbox 380 1369 447 1408; x_wconf 87' lang='lat' dir='ltr'><strong>cnm</strong></span> <span class='ocrx_word' id='word_1_90' title='bbox 471 1349 577 1426; x_wconf 86' lang='lat' dir='ltr'><strong>quibus</strong></span> <span class='ocrx_word' id='word_1_91' title='bbox 600 1351 657 1406; x_wconf 84' lang='lat' dir='ltr'><strong>nec</strong></span> <span class='ocrx_word' id='word_1_92' title='bbox 671 1347 702 1406; x_wconf 90' lang='lat' dir='ltr'><strong>in</strong></span> <span class='ocrx_word' id='word_1_93' title='bbox 715 1344 869 1428; x_wconf 71' lang='lat' dir='ltr'><strong>republica</strong></span> <span class='ocrx_word' id='word_1_94' title='bbox 881 1344 1036 1416; x_wconf 84' lang='lat' dir='ltr'><strong>honorum,</strong></span> <span class='ocrx_word' id='word_1_95' title='bbox 1049 1365 1106 1406; x_wconf 88' lang='lat' dir='ltr'><strong>nec</strong></span> <span class='ocrx_word' id='word_1_96' title='bbox 1125 1345 1157 1405; x_wconf 85' lang='lat' dir='ltr'><strong>in</strong></span> <span class='ocrx_word' id='word_1_97' title='bbox 1227 1404 1228 1407; x_wconf 74' lang='grc'>,</span> 
     </span>
    </p>
   </div>
   <div class='ocr_carea' id='block_1_8' title="bbox 159 1425 656 1517">
    <p class='ocr_par' dir='ltr' id='par_1_8' title="bbox 159 1425 656 1517">
     <span class='ocr_line' id='line_1_13' title="bbox 159 1425 656 1517; baseline -0.018 -22"><span class='ocrx_word' id='word_1_98' title='bbox 159 1434 277 1517; x_wconf 83' lang='lat' dir='ltr'><strong>privato</strong></span> <span class='ocrx_word' id='word_1_99' title='bbox 291 1428 430 1490; x_wconf 87' lang='lat' dir='ltr'><strong>connubii</strong></span> <span class='ocrx_word' id='word_1_100' title='bbox 441 1426 567 1486; x_wconf 87' lang='lat' dir='ltr'><strong>societas</strong></span> <span class='ocrx_word' id='word_1_101' title='bbox 579 1425 656 1486; x_wconf 77' lang='lat' dir='ltr'><strong>est’&#39;</strong></span> 
     </span>
    </p>
   </div>
   <div class='ocr_carea' id='block_1_9' title="bbox 200 1503 1228 1586">
    <p class='ocr_par' dir='ltr' id='par_1_9' title="bbox 200 1503 1228 1586">
     <span class='ocr_line' id='line_1_14' title="bbox 200 1503 1228 1586; baseline -0.003 -16"><span class='ocrx_word' id='word_1_102' title='bbox 200 1513 254 1570; x_wconf 85' lang='lat' dir='ltr'><strong>Vl.</strong></span> <span class='ocrx_word' id='word_1_103' title='bbox 275 1511 373 1584; x_wconf 85' lang='lat' dir='ltr'><strong>Quum</strong></span> <span class='ocrx_word' id='word_1_104' title='bbox 397 1507 427 1565; x_wconf 90' lang='lat' dir='ltr'><strong>in</strong></span> <span class='ocrx_word' id='word_1_105' title='bbox 442 1503 660 1567; x_wconf 72' lang='lat' dir='ltr'><strong>concionem&#39;et</strong></span> <span class='ocrx_word' id='word_1_106' title='bbox 674 1507 812 1566; x_wconf 86' lang='lat' dir='ltr'><strong>consules</strong></span> <span class='ocrx_word' id='word_1_107' title='bbox 825 1503 1054 1586; x_wconf 79' lang='lat' dir='ltr'><strong>processissent,</strong></span> <span class='ocrx_word' id='word_1_108' title='bbox 1068 1510 1099 1567; x_wconf 84' lang='lat' dir='ltr'><strong>ct</strong></span> <span class='ocrx_word' id='word_1_109' title='bbox 1111 1517 1160 1564; x_wconf 77' lang='lat' dir='ltr'><strong>rea</strong></span> <span class='ocrx_word' id='word_1_110' title='bbox 1227 1556 1228 1567; x_wconf 67' lang='grc'>,</span> 
     </span>
    </p>
   </div>
   <div class='ocr_carea' id='block_1_10' title="bbox 159 1584 1162 1824">
    <p class='ocr_par' dir='ltr' id='par_1_10' title="bbox 159 1584 1162 1824">
     <span class='ocr_line' id='line_1_15' title="bbox 159 1584 1161 1671; baseline -0.012 -17"><span class='ocrx_word' id='word_1_111' title='bbox 159 1591 177 1654; x_wconf 79' lang='lat' dir='ltr'>i</span> <span class='ocrx_word' id='word_1_112' title='bbox 190 1588 342 1671; x_wconf 87' lang='lat' dir='ltr'><strong>perpetuis</strong></span> <span class='ocrx_word' id='word_1_113' title='bbox 356 1584 535 1646; x_wconf 87' lang='lat' dir='ltr'><strong>orationibus</strong></span> <span class='ocrx_word' id='word_1_114' title='bbox 559 1587 589 1646; x_wconf 92' lang='lat' dir='ltr'><strong>in</strong></span> <span class='ocrx_word' id='word_1_115' title='bbox 604 1584 827 1660; x_wconf 74' lang='lat' dir='ltr'><strong>altercationem</strong></span> <span class='ocrx_word' id='word_1_116' title='bbox 848 1585 992 1645; x_wconf 83' lang='lat' dir='ltr'><strong>vertisset</strong></span> <span class='ocrx_word' id='word_1_117' title='bbox 1006 1605 1016 1656; x_wconf 82' lang='lat'>3</span> <span class='ocrx_word' id='word_1_118' title='bbox 1033 1584 1161 1644; x_wconf 82' lang='lat' dir='ltr'><strong>intenu-</strong></span> 
     </span>
     <span class='ocr_line' id='line_1_16' title="bbox 159 1662 1158 1755; baseline -0.01 -25"><span class='ocrx_word' id='word_1_119' title='bbox 159 1671 242 1755; x_wconf 77' lang='lat' dir='ltr'><strong>gauti</strong></span> <span class='ocrx_word' id='word_1_120' title='bbox 255 1667 383 1735; x_wconf 84' lang='lat' dir='ltr'><strong>tribuno,</strong></span> <span class='ocrx_word' id='word_1_121' title='bbox 393 1679 410 1706; x_wconf 82' lang='lat'><strong>⁸·</strong></span> <span class='ocrx_word' id='word_1_122' title='bbox 423 1685 476 1725; x_wconf 89' lang='lat' dir='ltr'><strong>cur</strong></span> <span class='ocrx_word' id='word_1_123' title='bbox 489 1664 636 1745; x_wconf 89' lang='lat' dir='ltr'><strong>plebeium</strong></span> <span class='ocrx_word' id='word_1_124' title='bbox 650 1665 803 1725; x_wconf 90' lang='lat' dir='ltr'><strong>consulem</strong></span> <span class='ocrx_word' id='word_1_125' title='bbox 814 1663 879 1726; x_wconf 84' lang='lat' dir='ltr'><strong>lieri</strong></span> <span class='ocrx_word' id='word_1_126' title='bbox 892 1684 953 1725; x_wconf 91' lang='lat' dir='ltr'><strong>non</strong></span> <span class='ocrx_word' id='word_1_127' title='bbox 964 1667 1112 1745; x_wconf 71' lang='lat' dir='ltr'>oporteret</span> <span class='ocrx_word' id='word_1_128' title='bbox 1120 1662 1158 1720; x_wconf 78' lang='lat' dir='ltr'><strong>l”</strong></span> 
     </span>
     <span class='ocr_line' id='line_1_17' title="bbox 159 1743 1162 1824; baseline -0.01 -12"><span class='ocrx_word' id='word_1_129' title='bbox 159 1760 194 1812; x_wconf 90' lang='lat' dir='ltr'><strong>ut</strong></span> <span class='ocrx_word' id='word_1_130' title='bbox 207 1751 332 1810; x_wconf 84' lang='lat' dir='ltr'><strong>fortasse</strong></span> <span class='ocrx_word' id='word_1_131' title='bbox 349 1767 425 1815; x_wconf 83' lang='lat' dir='ltr'><strong>vere,</strong></span> <span class='ocrx_word' id='word_1_132' title='bbox 439 1743 482 1806; x_wconf 89' lang='lat' dir='ltr'><strong>sic</strong></span> <span class='ocrx_word' id='word_1_133' title='bbox 497 1764 601 1824; x_wconf 83' lang='lat' dir='ltr'><strong>parum</strong></span> <span class='ocrx_word' id='word_1_134' title='bbox 614 1744 729 1806; x_wconf 78' lang='lat' dir='ltr'>utiliter</span> <span class='ocrx_word' id='word_1_135' title='bbox 742 1744 773 1804; x_wconf 91' lang='lat' dir='ltr'><strong>in</strong></span> <span class='ocrx_word' id='word_1_136' title='bbox 795 1762 928 1824; x_wconf 69' lang='lat' dir='ltr'><strong>presens</strong></span> <span class='ocrx_word' id='word_1_137' title='bbox 949 1752 1102 1809; x_wconf 85' lang='lat' dir='ltr'><strong>certamen</strong></span> <span class='ocrx_word' id='word_1_138' title='bbox 1115 1761 1162 1802; x_wconf 84' lang='lat' dir='ltr'><strong>re·</strong></span> 
     </span>
    </p>
   </div>
   <div class='ocr_carea' id='block_1_11' title="bbox 139 1823 1228 1961">
    <p class='ocr_par' dir='ltr' id='par_1_11' title="bbox 139 1823 1228 1961">
     <span class='ocr_line' id='line_1_18' title="bbox 139 1823 1228 1961; baseline 0.003 -83"><span class='ocrx_word' id='word_1_139' title='bbox 139 1873 141 1878; x_wconf 83' lang='grc'>.</span> <span class='ocrx_word' id='word_1_140' title='bbox 161 1831 292 1912; x_wconf 78' lang='lat' dir='ltr'><strong>spondit,</strong></span> <span class='ocrx_word' id='word_1_141' title='bbox 315 1827 423 1905; x_wconf 66' lang='lat' dir='ltr'><strong>“quid</strong></span> <span class='ocrx_word' id='word_1_142' title='bbox 447 1843 535 1884; x_wconf 72' lang='lat' dir='ltr'><strong>nuno</strong></span> <span class='ocrx_word' id='word_1_143' title='bbox 553 1825 689 1961; x_wconf 77' lang='lat' dir='ltr'><strong>plebeius</strong></span> <span class='ocrx_word' id='word_1_144' title='bbox 710 1824 844 1916; x_wconf 76' lang='lat' dir='ltr'><strong>auspicia</strong></span> <span class='ocrx_word' id='word_1_145' title='bbox 867 1823 1011 1892; x_wconf 55' lang='lat' dir='ltr'><strong>haberem</strong></span> <span class='ocrx_word' id='word_1_146' title='bbox 1031 1823 1162 1901; x_wconf 71' lang='lat' dir='ltr'><strong>idolique</strong></span> <span class='ocrx_word' id='word_1_147' title='bbox 1227 1826 1228 1859; x_wconf 66' lang='lat' dir='ltr'><strong>l</strong></span> 
     </span>
    </p>
   </div>
   <div class='ocr_carea' id='block_1_12' title="bbox 161 1902 538 1970">
    <p class='ocr_par' dir='ltr' id='par_1_12' title="bbox 161 1902 538 1970">
     <span class='ocr_line' id='line_1_19' title="bbox 161 1902 538 1970; baseline -0.027 1"><span class='ocrx_word' id='word_1_148' title='bbox 161 1907 346 1970; x_wconf 87' lang='lat' dir='ltr'><strong>decemviros</strong></span> <span class='ocrx_word' id='word_1_149' title='bbox 361 1902 538 1964; x_wconf 88' lang='lat' dir='ltr'><strong>connubium</strong></span> 
     </span>
    </p>
   </div>
   <div class='ocr_carea' id='block_1_13' title="bbox 574 1902 1228 1984">
    <p class='ocr_par' dir='ltr' id='par_1_13' title="bbox 574 1902 1228 1984">
     <span class='ocr_line' id='line_1_20' title="bbox 574 1902 1228 1984; baseline 0.003 -24"><span class='ocrx_word' id='word_1_150' title='bbox 574 1903 718 1970; x_wconf 88' lang='lat' dir='ltr'><strong>iremisse,</strong></span> <span class='ocrx_word' id='word_1_151' title='bbox 737 1922 775 1962; x_wconf 89' lang='lat' dir='ltr'><strong>ne</strong></span> <span class='ocrx_word' id='word_1_152' title='bbox 795 1910 911 1971; x_wconf 77' lang='lat' dir='ltr'><strong>rncerta</strong></span> <span class='ocrx_word' id='word_1_153' title='bbox 932 1902 1163 1984; x_wconf 65' lang='lat' dir='ltr'><strong>perempnis</strong></span> <span class='ocrx_word' id='word_1_154' title='bbox 1227 1940 1228 1949; x_wconf 28' lang='grc' dir='ltr'><strong>κ</strong></span> 
     </span>
    </p>
   </div>
   <div class='ocr_carea' id='block_1_14' title="bbox 161 1978 1229 2062">
    <p class='ocr_par' dir='ltr' id='par_1_14' title="bbox 161 1978 1229 2062">
     <span class='ocr_line' id='line_1_21' title="bbox 161 1978 1229 2062; baseline -0.013 -15"><span class='ocrx_word' id='word_1_155' title='bbox 161 1985 383 2052; x_wconf 84' lang='lat' dir='ltr'><strong>turbarentur.”</strong></span> <span class='ocrx_word' id='word_1_156' title='bbox 425 1981 530 2040; x_wconf 89' lang='lat' dir='ltr'><strong>Plebes</strong></span> <span class='ocrx_word' id='word_1_157' title='bbox 551 1981 641 2042; x_wconf 84' lang='lat' dir='ltr'><strong>adid</strong></span> <span class='ocrx_word' id='word_1_158' title='bbox 666 1978 792 2043; x_wconf 70' lang='lat' dir='ltr'><strong>maximi</strong></span> <span class='ocrx_word' id='word_1_159' title='bbox 811 1980 1013 2062; x_wconf 79' lang='lat' dir='ltr'>indignatione</span> <span class='ocrx_word' id='word_1_160' title='bbox 1037 1981 1162 2050; x_wconf 81' lang='lat' dir='ltr'><strong>exarsit,</strong></span> <span class='ocrx_word' id='word_1_161' title='bbox 1227 1988 1229 2033; x_wconf 82' lang='lat' dir='ltr'><strong>t</strong></span> 
     </span>
    </p>
   </div>
   <div class='ocr_carea' id='block_1_15' title="bbox 160 2059 1162 2228">
    <p class='ocr_par' dir='ltr' id='par_1_15' title="bbox 160 2059 1162 2228">
     <span class='ocr_line' id='line_1_22' title="bbox 161 2059 1162 2148; baseline -0.009 -20"><span class='ocrx_word' id='word_1_162' title='bbox 161 2068 244 2148; x_wconf 81' lang='lat' dir='ltr'><strong>quod</strong></span> <span class='ocrx_word' id='word_1_163' title='bbox 258 2061 415 2145; x_wconf 88' lang='lat' dir='ltr'><strong>auspicari,</strong></span> <span class='ocrx_word' id='word_1_164' title='bbox 429 2067 569 2140; x_wconf 81' lang='lat' dir='ltr'><strong>tanquam</strong></span> <span class='ocrx_word' id='word_1_165' title='bbox 583 2059 673 2122; x_wconf 83' lang='lat' dir='ltr'><strong>invisi</strong></span> <span class='ocrx_word' id='word_1_166' title='bbox 687 2059 754 2120; x_wconf 87' lang='lat' dir='ltr'><strong>Diis</strong></span> <span class='ocrx_word' id='word_1_167' title='bbox 767 2059 994 2130; x_wconf 71' lang='lat' dir='ltr'>immortalibus,</span> <span class='ocrx_word' id='word_1_168' title='bbox 1014 2079 1162 2142; x_wconf 70' lang='lat' dir='ltr'><strong>negaren-</strong></span> 
     </span>
     <span class='ocr_line' id='line_1_23' title="bbox 160 2136 1160 2228; baseline -0.006 -23"><span class='ocrx_word' id='word_1_169' title='bbox 160 2155 211 2210; x_wconf 77' lang='lat' dir='ltr'><strong>tnr</strong></span> <span class='ocrx_word' id='word_1_170' title='bbox 226 2163 334 2228; x_wconf 80' lang='lat' dir='ltr'><strong>posse3</strong></span> <span class='ocrx_word' id='word_1_171' title='bbox 354 2161 410 2202; x_wconf 89' lang='lat' dir='ltr'><strong>uec</strong></span> <span class='ocrx_word' id='word_1_172' title='bbox 431 2141 499 2200; x_wconf 73' lang='lat' dir='ltr'><strong>autt</strong></span> <span class='ocrx_word' id='word_1_173' title='bbox 514 2139 822 2202; x_wconf 83' lang='lat' dir='ltr'><strong>finiscontentionnm</strong></span> <span class='ocrx_word' id='word_1_174' title='bbox 840 2136 907 2210; x_wconf 87' lang='lat' dir='ltr'><strong>fuit,</strong></span> <span class='ocrx_word' id='word_1_175' title='bbox 930 2139 1034 2220; x_wconf 87' lang='lat' dir='ltr'><strong>(quum</strong></span> <span class='ocrx_word' id='word_1_176' title='bbox 1055 2147 1091 2200; x_wconf 89' lang='lat' dir='ltr'><strong>et</strong></span> <span class='ocrx_word' id='word_1_177' title='bbox 1109 2137 1160 2199; x_wconf 90' lang='lat' dir='ltr'><strong>tri·</strong></span> 
     </span>
    </p>
   </div>
   <div class='ocr_carea' id='block_1_16' title="bbox 161 2219 1227 2301">
    <p class='ocr_par' dir='ltr' id='par_1_16' title="bbox 161 2219 1227 2301">
     <span class='ocr_line' id='line_1_24' title="bbox 161 2219 1227 2301; baseline -0.01 -14"><span class='ocrx_word' id='word_1_178' title='bbox 161 2230 273 2290; x_wconf 89' lang='lat' dir='ltr'><strong>bunum</strong></span> <span class='ocrx_word' id='word_1_179' title='bbox 287 2224 463 2288; x_wconf 83' lang='lat' dir='ltr'><strong>acerrimum</strong></span> <span class='ocrx_word' id='word_1_180' title='bbox 478 2226 628 2282; x_wconf 76' lang='lat' dir='ltr'><strong>auctorem</strong></span> <span class='ocrx_word' id='word_1_181' title='bbox 642 2221 745 2301; x_wconf 88' lang='lat' dir='ltr'><strong>plebes</strong></span> <span class='ocrx_word' id='word_1_182' title='bbox 757 2230 848 2282; x_wconf 85' lang='lat' dir='ltr'><strong>nacta</strong></span> <span class='ocrx_word' id='word_1_183' title='bbox 859 2220 947 2289; x_wconf 61' lang='lat' dir='ltr'><strong>esset</strong></span> <span class='ocrx_word' id='word_1_184' title='bbox 969 2226 1001 2281; x_wconf 88' lang='lat' dir='ltr'><strong>et</strong></span> <span class='ocrx_word' id='word_1_185' title='bbox 1013 2219 1081 2300; x_wconf 88' lang='lat' dir='ltr'><strong>ipsa</strong></span> <span class='ocrx_word' id='word_1_186' title='bbox 1094 2238 1158 2280; x_wconf 87' lang='lat' dir='ltr'><strong>cnm</strong></span> <span class='ocrx_word' id='word_1_187' title='bbox 1226 2244 1227 2287; x_wconf 66' lang='lat' dir='ltr'><strong>t</strong></span> 
     </span>
    </p>
   </div>
   <div class='ocr_carea' id='block_1_17' title="bbox 138 2298 1160 2914">
    <p class='ocr_par' dir='ltr' id='par_1_17' title="bbox 138 2298 1160 2914">
     <span class='ocr_line' id='line_1_25' title="bbox 162 2298 1159 2388; baseline -0.011 -19"><span class='ocrx_word' id='word_1_188' title='bbox 162 2328 199 2369; x_wconf 86' lang='lat' dir='ltr'><strong>eo</strong></span> <span class='ocrx_word' id='word_1_189' title='bbox 222 2303 386 2388; x_wconf 79' lang='lat' dir='ltr'><strong>pertinacia</strong></span> <span class='ocrx_word' id='word_1_190' title='bbox 412 2302 551 2380; x_wconf 78' lang='lat' dir='ltr'><strong>certaret)</strong></span> <span class='ocrx_word' id='word_1_191' title='bbox 578 2319 668 2380; x_wconf 87' lang='lat' dir='ltr'><strong>quam</strong></span> <span class='ocrx_word' id='word_1_192' title='bbox 691 2298 764 2360; x_wconf 84' lang='lat' dir='ltr'><strong>victi</strong></span> <span class='ocrx_word' id='word_1_193' title='bbox 785 2300 906 2363; x_wconf 84' lang='lat' dir='ltr'><strong>tandem</strong></span> <span class='ocrx_word' id='word_1_194' title='bbox 925 2301 1046 2369; x_wconf 82' lang='lat' dir='ltr'><strong>Patres,</strong></span> <span class='ocrx_word' id='word_1_195' title='bbox 1067 2308 1104 2358; x_wconf 88' lang='lat' dir='ltr'><strong>ot</strong></span> <span class='ocrx_word' id='word_1_196' title='bbox 1122 2298 1159 2358; x_wconf 85' lang='lat' dir='ltr'><strong>de</strong></span> 
     </span>
     <span class='ocr_line' id='line_1_26' title="bbox 138 2377 1159 2449; baseline -0.013 1"><span class='ocrx_word' id='word_1_197' title='bbox 138 2430 143 2442; x_wconf 53' lang='grc' dir='ltr'><em>ι</em></span> <span class='ocrx_word' id='word_1_198' title='bbox 163 2385 310 2449; x_wconf 87' lang='lat' dir='ltr'><strong>connubio</strong></span> <span class='ocrx_word' id='word_1_199' title='bbox 323 2383 461 2449; x_wconf 78' lang='lat' dir='ltr'><strong>terretur,</strong></span> <span class='ocrx_word' id='word_1_200' title='bbox 485 2393 684 2440; x_wconf 81' lang='lat' dir='ltr'><strong>consensere:</strong></span> <span class='ocrx_word' id='word_1_201' title='bbox 704 2378 748 2438; x_wconf 87' lang='lat' dir='ltr'><strong>ita</strong></span> <span class='ocrx_word' id='word_1_202' title='bbox 769 2379 896 2440; x_wconf 67' lang='lat' dir='ltr'><strong>maximi</strong></span> <span class='ocrx_word' id='word_1_203' title='bbox 916 2379 973 2441; x_wconf 88' lang='lat' dir='ltr'><strong>rati</strong></span> <span class='ocrx_word' id='word_1_204' title='bbox 996 2377 1159 2439; x_wconf 84' lang='lat' dir='ltr'><strong>contentio·</strong></span> 
     </span>
     <span class='ocr_line' id='line_1_27' title="bbox 163 2457 1160 2542; baseline -0.012 -12"><span class='ocrx_word' id='word_1_205' title='bbox 163 2488 233 2530; x_wconf 87' lang='lat' dir='ltr'><strong>nem</strong></span> <span class='ocrx_word' id='word_1_206' title='bbox 247 2467 286 2526; x_wconf 91' lang='lat' dir='ltr'><strong>de</strong></span> <span class='ocrx_word' id='word_1_207' title='bbox 300 2460 421 2542; x_wconf 86' lang='lat' dir='ltr'><strong>plebeiis</strong></span> <span class='ocrx_word' id='word_1_208' title='bbox 435 2457 605 2530; x_wconf 83' lang='lat' dir='ltr'><strong>consulibus</strong></span> <span class='ocrx_word' id='word_1_209' title='bbox 619 2458 753 2519; x_wconf 79' lang='lat' dir='ltr'><strong>bibnnos</strong></span> <span class='ocrx_word' id='word_1_210' title='bbox 773 2466 827 2520; x_wconf 77' lang='lat' dir='ltr'><strong>aut</strong></span> <span class='ocrx_word' id='word_1_211' title='bbox 846 2465 939 2520; x_wconf 78' lang='lat' dir='ltr'><strong>totam</strong></span> <span class='ocrx_word' id='word_1_212' title='bbox 964 2459 1160 2540; x_wconf 84' lang='lat' dir='ltr'><strong>deposituros.</strong></span> 
     </span>
     <span class='ocr_line' id='line_1_28' title="bbox 163 2537 1158 2620; baseline -0.012 -11"><span class='ocrx_word' id='word_1_213' title='bbox 163 2553 216 2609; x_wconf 87' lang='lat' dir='ltr'><strong>aut</strong></span> <span class='ocrx_word' id='word_1_214' title='bbox 249 2550 296 2604; x_wconf 88' lang='lat' dir='ltr'><strong>ost</strong></span> <span class='ocrx_word' id='word_1_215' title='bbox 307 2540 418 2600; x_wconf 89' lang='lat' dir='ltr'><strong>bellurn</strong></span> <span class='ocrx_word' id='word_1_216' title='bbox 433 2537 578 2599; x_wconf 83' lang='lat' dir='ltr'><strong>dilaturos</strong></span> <span class='ocrx_word' id='word_1_217' title='bbox 599 2558 689 2620; x_wconf 86' lang='lat' dir='ltr'><strong>esse;</strong></span> <span class='ocrx_word' id='word_1_218' title='bbox 708 2537 1075 2618; x_wconf 76' lang='lat' dir='ltr'><strong>contentamqueinterim</strong></span> <span class='ocrx_word' id='word_1_219' title='bbox 1091 2557 1158 2598; x_wconf 89' lang='lat' dir='ltr'><strong>con·</strong></span> 
     </span>
     <span class='ocr_line' id='line_1_29' title="bbox 163 2616 1158 2704; baseline -0.012 -16"><span class='ocrx_word' id='word_1_220' title='bbox 163 2627 252 2688; x_wconf 83' lang='lat' dir='ltr'><strong>nubro</strong></span> <span class='ocrx_word' id='word_1_221' title='bbox 265 2623 381 2704; x_wconf 83' lang='lat' dir='ltr'><strong>plebem</strong></span> <span class='ocrx_word' id='word_1_222' title='bbox 394 2623 526 2698; x_wconf 80' lang='lat' dir='ltr'><strong>paratam</strong></span> <span class='ocrx_word' id='word_1_223' title='bbox 540 2617 674 2680; x_wconf 88' lang='lat' dir='ltr'><strong>delectui</strong></span> <span class='ocrx_word' id='word_1_224' title='bbox 686 2618 759 2678; x_wconf 87' lang='lat' dir='ltr'><strong>sore.</strong></span> <span class='ocrx_word' id='word_1_225' title='bbox 798 2619 909 2694; x_wconf 72' lang='lat' dir='ltr'><strong>Quunn</strong></span> <span class='ocrx_word' id='word_1_226' title='bbox 919 2617 1085 2680; x_wconf 77' lang='lat' dir='ltr'><strong>Canuleius</strong></span> <span class='ocrx_word' id='word_1_227' title='bbox 1099 2616 1158 2676; x_wconf 84' lang='lat' dir='ltr'><strong>vic·</strong></span> 
     </span>
     <span class='ocr_line' id='line_1_30' title="bbox 161 2694 1159 2778; baseline -0.012 -10"><span class='ocrx_word' id='word_1_228' title='bbox 161 2705 240 2768; x_wconf 84' lang='lat' dir='ltr'><strong>toria</strong></span> <span class='ocrx_word' id='word_1_229' title='bbox 252 2703 290 2762; x_wconf 90' lang='lat' dir='ltr'><strong>de</strong></span> <span class='ocrx_word' id='word_1_230' title='bbox 304 2699 441 2760; x_wconf 87' lang='lat' dir='ltr'><strong>Patribus</strong></span> <span class='ocrx_word' id='word_1_231' title='bbox 455 2702 486 2757; x_wconf 88' lang='lat' dir='ltr'><strong>et</strong></span> <span class='ocrx_word' id='word_1_232' title='bbox 498 2695 594 2778; x_wconf 86' lang='lat' dir='ltr'><strong>plebis</strong></span> <span class='ocrx_word' id='word_1_233' title='bbox 617 2695 719 2758; x_wconf 77' lang='lat' dir='ltr'><strong>favore</strong></span> <span class='ocrx_word' id='word_1_234' title='bbox 730 2698 836 2778; x_wconf 82' lang='lat' dir='ltr'><strong>ingens</strong></span> <span class='ocrx_word' id='word_1_235' title='bbox 856 2704 947 2769; x_wconf 88' lang='lat' dir='ltr'><strong>esset,</strong></span> <span class='ocrx_word' id='word_1_236' title='bbox 969 2698 1091 2759; x_wconf 83' lang='lat' dir='ltr'><strong>accensi</strong></span> <span class='ocrx_word' id='word_1_237' title='bbox 1110 2694 1159 2758; x_wconf 88' lang='lat' dir='ltr'><strong>alii</strong></span> 
     </span>
     <span class='ocr_line' id='line_1_31' title="bbox 162 2774 1160 2914; baseline -0.008 -69"><span class='ocrx_word' id='word_1_238' title='bbox 162 2782 275 2848; x_wconf 85' lang='lat' dir='ltr'><strong>tribuni</strong></span> <span class='ocrx_word' id='word_1_239' title='bbox 289 2780 327 2839; x_wconf 90' lang='lat' dir='ltr'><strong>ad</strong></span> <span class='ocrx_word' id='word_1_240' title='bbox 338 2783 500 2844; x_wconf 82' lang='lat' dir='ltr'><strong>certarnen,</strong></span> <span class='ocrx_word' id='word_1_241' title='bbox 524 2795 577 2856; x_wconf 90' lang='lat' dir='ltr'><strong>pro</strong></span> <span class='ocrx_word' id='word_1_242' title='bbox 591 2774 741 2914; x_wconf 52' lang='lat' dir='ltr'><strong>ruptione</strong></span> <span class='ocrx_word' id='word_1_243' title='bbox 755 2796 819 2846; x_wconf 86' lang='lat' dir='ltr'><strong>sua,</strong></span> <span class='ocrx_word' id='word_1_244' title='bbox 844 2785 960 2839; x_wconf 80' lang='lat' dir='ltr'><strong>summt</strong></span> <span class='ocrx_word' id='word_1_245' title='bbox 975 2778 1006 2838; x_wconf 85' lang='lat' dir='ltr'><strong>vi</strong></span> <span class='ocrx_word' id='word_1_246' title='bbox 1018 2783 1160 2860; x_wconf 69' lang='lat' dir='ltr'><strong>pugnant,</strong></span> 
     </span>
    </p>
   </div>
   <div class='ocr_carea' id='block_1_18' title="bbox 163 2850 1226 2940">
    <p class='ocr_par' dir='ltr' id='par_1_18' title="bbox 163 2850 1226 2940">
     <span class='ocr_line' id='line_1_32' title="bbox 163 2850 1226 2940; baseline -0.013 -13"><span class='ocrx_word' id='word_1_247' title='bbox 163 2871 204 2934; x_wconf 81' lang='lat' dir='ltr'><strong>et,</strong></span> <span class='ocrx_word' id='word_1_248' title='bbox 218 2865 373 2924; x_wconf 80' lang='lat' dir='ltr'><strong>crescente</strong></span> <span class='ocrx_word' id='word_1_249' title='bbox 384 2855 414 2915; x_wconf 90' lang='lat' dir='ltr'><strong>in</strong></span> <span class='ocrx_word' id='word_1_250' title='bbox 428 2855 493 2916; x_wconf 82' lang='lat' dir='ltr'><strong>dies</strong></span> <span class='ocrx_word' id='word_1_251' title='bbox 507 2853 585 2916; x_wconf 75' lang='lat' dir='ltr'><strong>lamb</strong></span> <span class='ocrx_word' id='word_1_252' title='bbox 600 2855 681 2924; x_wconf 90' lang='lat' dir='ltr'><strong>beli,</strong></span> <span class='ocrx_word' id='word_1_253' title='bbox 699 2857 850 2918; x_wconf 88' lang='lat' dir='ltr'><strong>delectum</strong></span> <span class='ocrx_word' id='word_1_254' title='bbox 863 2850 1033 2940; x_wconf 88' lang='lat' dir='ltr'><strong>impediunt</strong></span> <span class='ocrx_word' id='word_1_255' title='bbox 1081 2857 1160 2917; x_wconf 88' lang='lat' dir='ltr'><strong>Con·</strong></span> <span class='ocrx_word' id='word_1_256' title='bbox 1225 2874 1226 2919; x_wconf 74' lang='lat'>1</span> 
     </span>
    </p>
   </div>
   <div class='ocr_carea' id='block_1_19' title="bbox 155 2933 1162 4048">
    <p class='ocr_par' dir='ltr' id='par_1_19' title="bbox 163 2933 1159 3020">
     <span class='ocr_line' id='line_1_33' title="bbox 163 2933 1159 3020; baseline -0.007 -15"><span class='ocrx_word' id='word_1_257' title='bbox 163 2945 254 3012; x_wconf 82' lang='lat' dir='ltr'><strong>sales,</strong></span> <span class='ocrx_word' id='word_1_258' title='bbox 274 2955 364 3020; x_wconf 90' lang='lat' dir='ltr'><strong>quum</strong></span> <span class='ocrx_word' id='word_1_259' title='bbox 416 2941 590 3006; x_wconf 78' lang='lat' dir='ltr'><strong>caenatum,</strong></span> <span class='ocrx_word' id='word_1_260' title='bbox 602 2933 857 3010; x_wconf 70' lang='lat' dir='ltr'><strong>intercedentibus</strong></span> <span class='ocrx_word' id='word_1_261' title='bbox 869 2938 1008 3008; x_wconf 84' lang='lat' dir='ltr'><strong>tribunis,</strong></span> <span class='ocrx_word' id='word_1_262' title='bbox 1026 2937 1101 2998; x_wconf 89' lang='lat' dir='ltr'><strong>nihil</strong></span> <span class='ocrx_word' id='word_1_263' title='bbox 1115 2933 1159 3016; x_wconf 78' lang='lat' dir='ltr'><strong>agi</strong></span> 
     </span>
    </p>

    <p class='ocr_par' dir='ltr' id='par_1_20' title="bbox 202 3014 1160 3107">
     <span class='ocr_line' id='line_1_34' title="bbox 202 3014 1160 3107; baseline -0.01 -24"><span class='ocrx_word' id='word_1_264' title='bbox 202 3028 272 3089; x_wconf 88' lang='lat' dir='ltr'><strong>sset,</strong></span> <span class='ocrx_word' id='word_1_265' title='bbox 295 3018 377 3080; x_wconf 89' lang='lat' dir='ltr'><strong>consi</strong></span> <span class='ocrx_word' id='word_1_266' title='bbox 390 3014 420 3076; x_wconf 88' lang='lat' dir='ltr'><strong>ia</strong></span> <span class='ocrx_word' id='word_1_267' title='bbox 432 3015 597 3107; x_wconf 75' lang='lat' dir='ltr'><strong>principum</strong></span> <span class='ocrx_word' id='word_1_268' title='bbox 623 3016 703 3076; x_wconf 90' lang='lat' dir='ltr'><strong>domi</strong></span> <span class='ocrx_word' id='word_1_269' title='bbox 726 3017 895 3088; x_wconf 77' lang='lat' dir='ltr'><strong>habebant3</strong></span> <span class='ocrx_word' id='word_1_270' title='bbox 913 3020 1086 3100; x_wconf 78' lang='lat' dir='ltr'><strong>apparebat,</strong></span> <span class='ocrx_word' id='word_1_271' title='bbox 1098 3019 1160 3093; x_wconf 76' lang='lat' dir='ltr'><strong>aut</strong></span> 
     </span>
    </p>

    <p class='ocr_par' dir='ltr' id='par_1_21' title="bbox 155 3092 1162 4048">
     <span class='ocr_line' id='line_1_35' title="bbox 183 3092 1160 3170; baseline -0.011 -5"><span class='ocrx_word' id='word_1_272' title='bbox 183 3103 305 3169; x_wconf 87' lang='lat' dir='ltr'><strong>ostibus,</strong></span> <span class='ocrx_word' id='word_1_273' title='bbox 331 3102 384 3158; x_wconf 84' lang='lat' dir='ltr'><strong>aut</strong></span> <span class='ocrx_word' id='word_1_274' title='bbox 404 3095 517 3156; x_wconf 79' lang='lat' dir='ltr'><strong>civibus</strong></span> <span class='ocrx_word' id='word_1_275' title='bbox 531 3096 569 3156; x_wconf 88' lang='lat' dir='ltr'><strong>de</strong></span> <span class='ocrx_word' id='word_1_276' title='bbox 583 3095 710 3156; x_wconf 79' lang='lat' dir='ltr'><strong>victoria</strong></span> <span class='ocrx_word' id='word_1_277' title='bbox 733 3099 957 3170; x_wconf 75' lang='lat' dir='ltr'><strong>concedendum</strong></span> <span class='ocrx_word' id='word_1_278' title='bbox 980 3117 1059 3158; x_wconf 88' lang='lat' dir='ltr'><strong>esse.</strong></span> <span class='ocrx_word' id='word_1_279' title='bbox 1099 3092 1160 3156; x_wconf 92' lang='lat' dir='ltr'><strong>Soli</strong></span> 
     </span>
     <span class='ocr_line' id='line_1_36' title="bbox 163 3174 1160 3256; baseline -0.011 -11"><span class='ocrx_word' id='word_1_280' title='bbox 163 3205 200 3246; x_wconf 87' lang='lat' dir='ltr'><strong>ex</strong></span> <span class='ocrx_word' id='word_1_281' title='bbox 214 3177 418 3242; x_wconf 82' lang='lat' dir='ltr'><strong>consularibus</strong></span> <span class='ocrx_word' id='word_1_282' title='bbox 431 3174 569 3236; x_wconf 87' lang='lat' dir='ltr'><strong>Valerius</strong></span> <span class='ocrx_word' id='word_1_283' title='bbox 582 3185 673 3256; x_wconf 84' lang='lat' dir='ltr'><strong>atquo</strong></span> <span class='ocrx_word' id='word_1_284' title='bbox 683 3175 825 3238; x_wconf 85' lang='lat' dir='ltr'><strong>Horatius</strong></span> <span class='ocrx_word' id='word_1_285' title='bbox 837 3197 897 3238; x_wconf 89' lang='lat' dir='ltr'><strong>nou</strong></span> <span class='ocrx_word' id='word_1_286' title='bbox 910 3178 1077 3238; x_wconf 84' lang='lat' dir='ltr'><strong>intererant</strong></span> <span class='ocrx_word' id='word_1_287' title='bbox 1090 3194 1160 3235; x_wconf 88' lang='lat' dir='ltr'><strong>oon·</strong></span> 
     </span>
     <span class='ocr_line' id='line_1_37' title="bbox 162 3255 1162 3329; baseline -0.013 -6"><span class='ocrx_word' id='word_1_288' title='bbox 162 3263 245 3324; x_wconf 84' lang='lat' dir='ltr'><strong>siliis.</strong></span> <span class='ocrx_word' id='word_1_289' title='bbox 288 3259 329 3329; x_wconf 54' lang='lat' dir='ltr'><strong>C„</strong></span> <span class='ocrx_word' id='word_1_290' title='bbox 345 3255 465 3316; x_wconf 77' lang='lat' dir='ltr'><strong>Claudii</strong></span> <span class='ocrx_word' id='word_1_291' title='bbox 491 3257 639 3316; x_wconf 85' lang='lat' dir='ltr'><strong>sententia</strong></span> <span class='ocrx_word' id='word_1_292' title='bbox 660 3257 798 3316; x_wconf 85' lang='lat' dir='ltr'><strong>consules</strong></span> <span class='ocrx_word' id='word_1_293' title='bbox 811 3259 945 3318; x_wconf 73' lang='lat' dir='ltr'><strong>sinuabat</strong></span> <span class='ocrx_word' id='word_1_294' title='bbox 956 3258 988 3317; x_wconf 86' lang='lat' dir='ltr'><strong>in</strong></span> <span class='ocrx_word' id='word_1_295' title='bbox 1001 3256 1162 3318; x_wconf 75' lang='lat' dir='ltr'><strong>tribunosc</strong></span> 
     </span>
     <span class='ocr_line' id='line_1_38' title="bbox 164 3333 1162 3417; baseline -0.005 -19"><span class='ocrx_word' id='word_1_296' title='bbox 164 3338 381 3417; x_wconf 83' lang='lat' dir='ltr'><strong>Quinctiorum,</strong></span> <span class='ocrx_word' id='word_1_297' title='bbox 416 3333 647 3414; x_wconf 81' lang='lat' dir='ltr'><strong>Cincinnatique</strong></span> <span class='ocrx_word' id='word_1_298' title='bbox 684 3340 716 3393; x_wconf 87' lang='lat' dir='ltr'><strong>et</strong></span> <span class='ocrx_word' id='word_1_299' title='bbox 742 3334 905 3416; x_wconf 82' lang='lat' dir='ltr'><strong>Capitolini</strong></span> <span class='ocrx_word' id='word_1_300' title='bbox 931 3336 1091 3398; x_wconf 69' lang='lat' dir='ltr'><strong>sententies</strong></span> <span class='ocrx_word' id='word_1_301' title='bbox 1111 3337 1162 3395; x_wconf 86' lang='lat' dir='ltr'><strong>ab·</strong></span> 
     </span>
     <span class='ocr_line' id='line_1_39' title="bbox 161 3412 1161 3495; baseline -0.006 -16"><span class='ocrx_word' id='word_1_302' title='bbox 161 3417 320 3485; x_wconf 84' lang='lat' dir='ltr'><strong>horrebant</strong></span> <span class='ocrx_word' id='word_1_303' title='bbox 334 3417 351 3474; x_wconf 73' lang='grc' dir='ltr'>ὲ</span> <span class='ocrx_word' id='word_1_304' title='bbox 365 3414 450 3474; x_wconf 82' lang='lat' dir='ltr'><strong>caede</strong></span> <span class='ocrx_word' id='word_1_305' title='bbox 463 3412 678 3492; x_wconf 83' lang='lat' dir='ltr'><strong>violandisque,</strong></span> <span class='ocrx_word' id='word_1_306' title='bbox 700 3433 785 3493; x_wconf 89' lang='lat' dir='ltr'><strong>quos,</strong></span> <span class='ocrx_word' id='word_1_307' title='bbox 797 3415 912 3477; x_wconf 82' lang='lat' dir='ltr'><strong>foedere</strong></span> <span class='ocrx_word' id='word_1_308' title='bbox 932 3416 994 3475; x_wconf 87' lang='lat' dir='ltr'><strong>icto</strong></span> <span class='ocrx_word' id='word_1_309' title='bbox 1013 3435 1082 3474; x_wconf 88' lang='lat' dir='ltr'><strong>cum</strong></span> <span class='ocrx_word' id='word_1_310' title='bbox 1095 3414 1161 3495; x_wconf 91' lang='lat' dir='ltr'><strong>ple·</strong></span> 
     </span>
     <span class='ocr_line' id='line_1_40' title="bbox 161 3493 1160 3576; baseline -0.005 -18"><span class='ocrx_word' id='word_1_311' title='bbox 161 3507 207 3576; x_wconf 74' lang='lat' dir='ltr'><strong>be,</strong></span> <span class='ocrx_word' id='word_1_312' title='bbox 229 3501 433 3558; x_wconf 84' lang='lat' dir='ltr'><strong>sacrosanctos</strong></span> <span class='ocrx_word' id='word_1_313' title='bbox 455 3494 649 3574; x_wconf 76' lang='lat' dir='ltr'><strong>accepissent.</strong></span> <span class='ocrx_word' id='word_1_314' title='bbox 690 3494 748 3554; x_wconf 90' lang='lat' dir='ltr'><strong>Per</strong></span> <span class='ocrx_word' id='word_1_315' title='bbox 762 3494 826 3556; x_wconf 84' lang='lat' dir='ltr'><strong>boec</strong></span> <span class='ocrx_word' id='word_1_316' title='bbox 841 3495 965 3567; x_wconf 81' lang='lat' dir='ltr'><strong>consilia</strong></span> <span class='ocrx_word' id='word_1_317' title='bbox 977 3496 1015 3556; x_wconf 82' lang='lat' dir='ltr'><strong>ei&gt;</strong></span> <span class='ocrx_word' id='word_1_318' title='bbox 1028 3493 1160 3556; x_wconf 79' lang='lat' dir='ltr'><strong>deducta</strong></span> 
     </span>
     <span class='ocr_line' id='line_1_41' title="bbox 160 3571 1161 3656; baseline -0.007 -18"><span class='ocrx_word' id='word_1_319' title='bbox 160 3603 210 3644; x_wconf 73' lang='lat' dir='ltr'><strong>res</strong></span> <span class='ocrx_word' id='word_1_320' title='bbox 230 3581 286 3644; x_wconf 84' lang='lat' dir='ltr'><strong>est,</strong></span> <span class='ocrx_word' id='word_1_321' title='bbox 310 3581 346 3634; x_wconf 87' lang='lat' dir='ltr'><strong>ut</strong></span> <span class='ocrx_word' id='word_1_322' title='bbox 365 3572 498 3632; x_wconf 82' lang='lat' dir='ltr'><strong>tribunos</strong></span> <span class='ocrx_word' id='word_1_323' title='bbox 511 3573 641 3634; x_wconf 80' lang='lat' dir='ltr'><strong>militurn</strong></span> <span class='ocrx_word' id='word_1_324' title='bbox 663 3574 811 3634; x_wconf 86' lang='lat' dir='ltr'><strong>consulari</strong></span> <span class='ocrx_word' id='word_1_325' title='bbox 830 3580 978 3655; x_wconf 81' lang='lat' dir='ltr'><strong>potestate</strong></span> <span class='ocrx_word' id='word_1_326' title='bbox 990 3571 1161 3656; x_wconf 71' lang='lat' dir='ltr'><strong>promicent</strong></span> 
     </span>
     <span class='ocr_line' id='line_1_42' title="bbox 160 3651 1160 3730; baseline -0.004 -10"><span class='ocrx_word' id='word_1_327' title='bbox 160 3683 197 3724; x_wconf 82' lang='lat' dir='ltr'><strong>ex</strong></span> <span class='ocrx_word' id='word_1_328' title='bbox 212 3655 349 3718; x_wconf 87' lang='lat' dir='ltr'><strong>Patribus</strong></span> <span class='ocrx_word' id='word_1_329' title='bbox 362 3670 398 3712; x_wconf 89' lang='lat' dir='ltr'><strong>ac</strong></span> <span class='ocrx_word' id='word_1_330' title='bbox 412 3651 497 3730; x_wconf 84' lang='lat' dir='ltr'><strong>plebe</strong></span> <span class='ocrx_word' id='word_1_331' title='bbox 521 3653 616 3713; x_wconf 83' lang='lat' dir='ltr'><strong>creari</strong></span> <span class='ocrx_word' id='word_1_332' title='bbox 630 3652 782 3724; x_wconf 87' lang='lat' dir='ltr'><strong>sinerent;</strong></span> <span class='ocrx_word' id='word_1_333' title='bbox 801 3653 840 3713; x_wconf 87' lang='lat' dir='ltr'><strong>de</strong></span> <span class='ocrx_word' id='word_1_334' title='bbox 860 3654 1032 3716; x_wconf 84' lang='lat' dir='ltr'><strong>consulibus</strong></span> <span class='ocrx_word' id='word_1_335' title='bbox 1051 3673 1160 3716; x_wconf 84' lang='lat' dir='ltr'><strong>creau-</strong></span> 
     </span>
     <span class='ocr_line' id='line_1_43' title="bbox 160 3731 1160 3816; baseline -0.008 -16"><span class='ocrx_word' id='word_1_336' title='bbox 160 3742 209 3800; x_wconf 85' lang='lat' dir='ltr'><strong>dia</strong></span> <span class='ocrx_word' id='word_1_337' title='bbox 234 3733 304 3795; x_wconf 87' lang='lat' dir='ltr'><strong>nihil</strong></span> <span class='ocrx_word' id='word_1_338' title='bbox 320 3735 486 3794; x_wconf 88' lang='lat' dir='ltr'><strong>mutaretur</strong></span> <span class='ocrx_word' id='word_1_339' title='bbox 499 3747 508 3798; x_wconf 66' lang='grc' dir='ltr'><strong>ς</strong></span> <span class='ocrx_word' id='word_1_340' title='bbox 529 3749 624 3808; x_wconf 83' lang='lat' dir='ltr'><strong>eoque</strong></span> <span class='ocrx_word' id='word_1_341' title='bbox 638 3731 773 3793; x_wconf 87' lang='lat' dir='ltr'><strong>contenti</strong></span> <span class='ocrx_word' id='word_1_342' title='bbox 783 3731 904 3802; x_wconf 83' lang='lat' dir='ltr'><strong>tribuni,</strong></span> <span class='ocrx_word' id='word_1_343' title='bbox 917 3738 1059 3794; x_wconf 83' lang='lat' dir='ltr'><strong>contenta</strong></span> <span class='ocrx_word' id='word_1_344' title='bbox 1069 3733 1160 3816; x_wconf 84' lang='lat' dir='ltr'><strong>plebs</strong></span> 
     </span>
     <span class='ocr_line' id='line_1_44' title="bbox 158 3808 1160 3891; baseline -0.006 -15"><span class='ocrx_word' id='word_1_345' title='bbox 158 3818 223 3876; x_wconf 80' lang='lat' dir='ltr'><strong>fuit.</strong></span> <span class='ocrx_word' id='word_1_346' title='bbox 266 3809 395 3872; x_wconf 86' lang='lat' dir='ltr'><strong>Comitia</strong></span> <span class='ocrx_word' id='word_1_347' title='bbox 416 3808 543 3867; x_wconf 87' lang='lat' dir='ltr'><strong>tribunis</strong></span> <span class='ocrx_word' id='word_1_348' title='bbox 567 3811 717 3871; x_wconf 88' lang='lat' dir='ltr'><strong>consulari</strong></span> <span class='ocrx_word' id='word_1_349' title='bbox 734 3817 883 3891; x_wconf 83' lang='lat' dir='ltr'><strong>potestate</strong></span> <span class='ocrx_word' id='word_1_350' title='bbox 902 3813 996 3874; x_wconf 85' lang='lat' dir='ltr'><strong>tribus</strong></span> <span class='ocrx_word' id='word_1_351' title='bbox 1015 3811 1160 3872; x_wconf 84' lang='lat' dir='ltr'><strong>creandis</strong></span> 
     </span>
     <span class='ocr_line' id='line_1_45' title="bbox 159 3886 1159 3981; baseline 0 -31"><span class='ocrx_word' id='word_1_352' title='bbox 159 3892 355 3957; x_wconf 89' lang='lat' dir='ltr'><strong>indicuntur;</strong></span> <span class='ocrx_word' id='word_1_353' title='bbox 389 3887 495 3964; x_wconf 88' lang='lat' dir='ltr'><strong>quibus</strong></span> <span class='ocrx_word' id='word_1_354' title='bbox 515 3886 648 3958; x_wconf 81' lang='lat' dir='ltr'><strong>indictis,</strong></span> <span class='ocrx_word' id='word_1_355' title='bbox 671 3890 829 3970; x_wconf 80' lang='lat' dir='ltr'><strong>extemplo,</strong></span> <span class='ocrx_word' id='word_1_356' title='bbox 848 3889 1020 3981; x_wconf 85' lang='lat' dir='ltr'><strong>quicunque</strong></span> <span class='ocrx_word' id='word_1_357' title='bbox 1033 3889 1159 3968; x_wconf 80' lang='lat' dir='ltr'><strong>aliquid</strong></span> 
     </span>
     <span class='ocr_line' id='line_1_46' title="bbox 155 3965 1158 4048; baseline 0.005 -21"><span class='ocrx_word' id='word_1_358' title='bbox 155 3968 298 4028; x_wconf 69' lang='lat' dir='ltr'><strong>seditiose</strong></span> <span class='ocrx_word' id='word_1_359' title='bbox 317 3966 444 4038; x_wconf 84' lang='lat' dir='ltr'><strong>dixerat,</strong></span> <span class='ocrx_word' id='word_1_360' title='bbox 465 3965 659 4040; x_wconf 74' lang='lat' dir='ltr'><strong>aut‘leceret,</strong></span> <span class='ocrx_word' id='word_1_361' title='bbox 676 3969 768 4048; x_wconf 73' lang='lat' dir='ltr'><strong>quim</strong></span> <span class='ocrx_word' id='word_1_362' title='bbox 789 3971 915 4032; x_wconf 71' lang='lat' dir='ltr'><strong>maximi</strong></span> <span class='ocrx_word' id='word_1_363' title='bbox 934 3969 1098 4044; x_wconf 81' lang='lat' dir='ltr'><strong>tribunicii,</strong></span> <span class='ocrx_word' id='word_1_364' title='bbox 1125 3975 1158 4032; x_wconf 79' lang='lat' dir='ltr'><strong>et</strong></span> 
     </span>
    </p>
   </div>
   <div class='ocr_carea' id='block_1_20' title="bbox 0 0 1324 4392">
    <p class='ocr_par' dir='ltr' id='par_1_22' title="bbox 0 0 1324 4392">
     <span class='ocr_line' id='line_1_47' title="bbox 0 0 1324 4392; baseline 0 0"><span class='ocrx_word' id='word_1_365' title='bbox 0 0 1324 4392; x_wconf 95' lang='lat' dir='ltr'><strong> </strong></span> 
     </span>
    </p>
   </div>
  </div>
 </body>
</html>
