2634 4392
201 307 258 367 too
605 305 651 368 ‘T-
665 303 772 369 LIVI'I
794 335 798 344 r

197 461 282 527 nitio
293 460 404 525 tributa
418 461 570 533 efficiunt3
597 483 644 525 res
665 467 759 544 major
771 457 896 524 victorie
910 464 1040 545 suseepti
1052 465 1174 528 uariam·

197 542 254 611 nis,
265 543 355 619 quem
366 561 441 613 usu3
465 542 534 626 plus
544 543 622 606 eninr
636 543 790 624 dignitatis
805 544 930 606 comitiis
940 545 1012 624 ipsis
1026 545 1175 606 detractum

196 627 252 689 ast,
266 621 404 685 Patribus
418 643 456 684 ex
469 623 595 686 concilio
608 623 827 697 submovendis,
841 625 931 705 quam
943 625 1113 700 viriumaut
1124 624 1176 705 plev

196 699 226 761 bi
239 699 376 771 additum
387 709 443 771 est,
456 708 508 764 aut
517 704 672 784 demptum
685 703 831 767 Patribus.
1037 749 1039 754 ,

235 780 320 840 LXI.
347 782 559 845 Torbuleotior
578 783 650 858 inde
664 803 766 849 annus
790 783 916 866 excepit,
941 785 978 845 L.
1001 783 1126 852 Valerio,
1146 783 1175 842 Τ.

195 859 324 922 AEmilio
336 862 516 932 consulibus,
530 864 599 923 edm
612 871 734 944 propter
747 865 909 928 certamina
926 863 1059 926 ordinum
1074 864 1112 924 de
1123 862 1173 941 lege

195 940 320 1020 agraria
340 947 405 1003 tum
427 949 549 1033 propter
567 943 716 1022 iodicium
738 946 800 1024 Ap„
817 944 958 1006 Claudii:
979 943 1036 1012 cui,
1050 942 1173 1006 acerrimo

145 1077 152 1104 ι
194 1019 365 1086 adversario
378 1022 462 1103 legis,
482 1042 662 1103 causamque
674 1022 880 1104 possessorum
899 1022 1011 1104 publici
1034 1023 1103 1114 agri,
1121 1028 1173 1082 tan·

154 1155 156 1163 r
194 1120 286 1179 qnam
298 1102 387 1163 tertio
399 1102 526 1173 consuli,
538 1103 709 1172 sustinenti,
723 1105 768 1165 M.
782 1104 902 1165 Duilius
915 1111 947 1166 et
960 1104 1001 1163 C.'
1009 1102 1130 1166 Sicinius
1140 1100 1174 1160 di·

195 1200 243 1242 sm
257 1179 370 1245 dixere.
410 1181 574 1262 Nunquam
587 1187 656 1244 ante
670 1190 732 1246 tam
745 1183 858 1246 invisus
872 1183 951 1264 plebi
965 1203 1035 1244 reus
1055 1183 1092 1248 ad
1106 1181 1173 1261 judi·

195 1258 275 1324 oium
288 1266 412 1322 vocatus
425 1263 527 1342 populi
541 1269 596 1331 eet,
608 1264 716 1342 plenus
731 1273 859 1332 suarum,
880 1262 988 1343 plenus
1002 1269 1173 1343 paternarum

136 1349 139 1352 ’
193 1340 314 1404 namo.
334 1343 439 1403 Patres
447 1362 567 1421 quoqne
577 1361 637 1404 non
647 1345 759 1404 temere
767 1360 821 1423 pro
830 1343 892 1404 ullo
903 1345 989 1422 aeque
999 1342 1096 1405 annisi
1105 1346 1172 1402 sunt:

193 1432 442 1506 propugnatorem
469 1429 599 1490 senatus,
626 1423 850 1502 majestatisque
876 1423 1027 1486 riudic'em
1052 1443 1121 1491 snae,
1144 1419 1172 1478 ad

193 1516 296 1563 omnes
308 1500 482 1565 tribunicios
502 1501 693 1581 plebeiosque
707 1503 874 1583 oppositum
895 1503 1052 1572 tumultus,
1073 1499 1172 1561 modom

192 1577 339 1643 duntaxat
351 1581 383 1642 in
396 1581 560 1644 certamine
580 1603 597 1642 e
632 1603 740 1652 essum,
752 1583 848 1645 ,iratae
873 1583 961 1662 objici
974 1583 1065 1661 plebi.
1104 1581 1171 1640 Unus

192 1679 211 1725 a
238 1660 385 1732 Patribus,
408 1661 473 1742 ipse
498 1666 557 1743 ap.
578 1663 734 1732 Caudino,
758 1652 788 1723 ei
808 1661 951 1732 tribunos,
971 1670 1002 1720 et
1014 1662 1136 1753 plebem,
1151 1661 1172 1716 et

193 1759 279 1805 suum
288 1740 437 1820 judicium
451 1762 505 1822 pro
519 1740 611 1804 nihilo
623 1739 757 1806 habebat.
798 1743 890 1804 lllum
910 1737 969 1806 uon
984 1762 1075 1804 turnae
1090 1738 1172 1820 plebis.

191 1840 253 1882 uon
267 1823 390 1882 senatos
405 1842 508 1900 preces
528 1821 693 1901 perpellere
715 1841 845 1900 uuquam
869 1829 1002 1901 potuere,
1023 1841 1083 1882 uon
1104 1817 1172 1880 niodo

191 1906 226 1961 ut
239 1908 352 1963 vestem
366 1908 506 1968 mutaret,
519 1907 572 1960 aut
585 1901 711 1979 supplex
732 1908 887 1978 prensaret
907 1900 1059 1969 homines3
1082 1899 1130 1960 sed
1147 1913 1172 1956 uo

190 1985 227 2039 ut
238 1999 277 2041 ex
291 1986 433 2044 consueta
446 1979 567 2057 quidem
581 1977 741 2058 asperitate
755 1977 896 2040 orationis
919 1978 1023 2058 (quum
1045 1979 1085 2037 ad
1098 1995 1172 2058 popu·

190 2057 284 2120 loma
305 2059 383 2121 enda
396 2076 486 2121 causa
500 2058 589 2137 esset)
615 2055 729 2134 aliquid
753 2056 861 2120 leniret
882 2064 973 2134 utque
994 2057 1172 2119 submitteret

190 2137 276 2200 Idem
285 2076 407 2199 lenitus
420 2135 488 2206 oris,
501 2135 606 2200 eadem
620 2135 806 2200 contumacia
820 2135 851 2196 in
872 2137 967 2205 vultu,
987 2137 1067 2200 idem
1082 2137 1111 2201 irr
1124 2155 1173 2196 ora·

190 2217 273 2280 tione
288 2216 410 2296 spiritus
424 2221 509 2283 erata
528 2215 653 2280 edebat
666 2217 772 2296 magna
785 2236 853 2296 pars
872 2216 966 2296 plebis
988 2217 1116 2306 Appium
1129 2233 1172 2275 non

191 2297 292 2361 mimis
306 2317 389 2360 reum
404 2296 529 2364 timeret,
549 2298 642 2374 qudo
654 2297 806 2373 consulem
818 2296 967 2374 timuerat.
1009 2297 1106 2360 Semel
1119 2315 1172 2355 cau·

189 2397 239 2444 aro
254 2377 338 2449 dixit,
358 2398 419 2455 qno
439 2396 556 2456 semper
568 2375 768 2456 agere'omnia
780 2375 885 2436 solitus
911 2381 982 2444 erat,
1004 2373 1171 2438 accusatoria

191 2457 297 2597 spiritu
312 2478 322 2527 3
342 2456 477 2535 adeoque
490 2452 659 2518 constantia
674 2462 729 2518 sua
744 2462 776 2520 et
794 2456 927 2520 tribunos
948 2456 1137 2598 obstupefecit
1150 2457 1171 2510 et

225 2541 318 2605 ebem,
331 2544 366 2595 nt
379 2537 458 2602 diem
472 2534 529 2617 ipsi
542 2541 596 2597 sut
610 2537 765 2596 voluntate
778 2535 970 2615 podicerents
989 2543 1036 2596 tra
1047 2537 1067 2594 ri
1080 2533 1171 2596 deinde

190 2561 254 2683 pem
269 2617 411 2711 sinerent,
454 2614 543 2679 Haud
556 2614 599 2678 ita
611 2617 738 2681 multum
752 2615 871 2680 interim
884 2616 1024 2696 temporis
1039 2617 1114 2686 fuit;
1132 2631 1171 2672 an·

137 2720 141 2724 ⁴
189 2700 222 2763 te
235 2704 345 2766 umen,
359 2696 450 2774 qnzim
463 2695 598 2775 prodicta
611 2694 676 2760 dies
691 2697 817 2764 veniret,
831 2699 930 2756 morbo
943 2695 1083 2761 moritur:
1103 2697 1170 2772 cujus

186 2798 283 2858 quum
297 2775 500 2842 laudationem
513 2773 625 2841 tribuni
638 2774 733 2856 plebis
746 2775 890 2856 impedire
905 2775 1170 2854 conarentur,›plebr

108 2910 109 2915 ,
191 2857 324 2923 fraudari
347 2857 466 2920 solenni
484 2856 592 2918 honore
612 2875 782 2935 supremum
800 2855 883 2922 vdiem
902 2858 981 2918 tenti
1000 2857 1058 2918 viri
1078 2852 1171 2938 noluit?

191 2947 224 3002 et
236 2937 438 3000 laudationem
451 2942 511 2999 tam
528 2935 623 3014 eequis
635 2935 756 3000 auribus
770 2937 878 2998 nrortui
891 2937 1014 3012 audiuit,
1028 2955 1115 3014 quam
1125 2933 1171 2990 viu

130 3082 138 3096 ,
191 3018 410 3086 accusationem
425 3015 581 3086 audieram
600 3023 633 3076 et
645 3017 803 3095 exsequias
817 3015 957 3096 frequens
968 3015 1132 3080 celebravit
1149 3091 1154 3101 .

232 3100 332 3161 LXll.
363 3098 476 3160 Eodem
502 3117 580 3162 anno
604 3097 743 3159 Velenus
767 3099 879 3166 consul,
907 3115 973 3159 cunr
1001 3095 1127 3158 exercitu
1148 3109 1171 3150 ra

191 3183 311 3259 AEqnos
324 3177 703 3258 profectuS‚quum·lrostenr
712 3177 757 3236 'ad
770 3174 1031 3256 prmlinmelicere
1045 3195 1102 3238 non
1116 3189 1169 3252 pos·

191 3268 247 3334 set,
261 3266 359 3320 eastra
372 3279 540 3339 oppugnare
554 3269 600 3316 est
612 3258 744 3316 adortus·
785 3255 937 3324 Prohibuit
948 3256 1038 3320 'forda
1059 3264 1170 3339 tempes-

190 3348 248 3411 tas,
261 3359 330 3399 cum
363 3339 487 3399 randine
510 3359 544 3396 ae
566 3335 725 3398 tonitribus
745 3335 823 3394 ooelo
837 3338 963 3415 dejecta.
1005 3337 1170 3394 auroram·

192 3440 261 3487 nem
271 3361 381 3481 deinde
394 3418 576 3495 aonit,signo
585 3415 720 3495 receptui
734 3416 814 3485 dato,
823 3417 898 3476 adeo
910 3417 1072 3494 tranquilla
1086 3430 1171 3474 seren·

163 3558 167 3566 .
191 3503 249 3570 itus
262 3499 381 3558 reddita
395 3519 402 3557 ε
423 3506 466 3565 ut,
480 3498 562 3565 velot
577 3495 697 3556 nutriine
712 3497 812 3575 aliquo
826 3489 949 3558 defeirsa
963 3505 1061 3558 castra
1074 3512 1171 3574 oppog·

191 3579 395 3655 nassiternas,
409 3576 511 3656 religio
524 3576 634 3645 fuerita
655 3576 750 3636 omnis
770 3577 814 3641 ira
827 3575 897 3636 belli
912 3577 948 3635 ad
966 3599 1001 3656 po
1022 3577 1170 3661 ulatibmru

189 3661 256 3741 egri
269 3657 367 3720 vertit.
408 3658 495 3720 Alter
508 3656 612 3720 consul
622 3657 766 3719 AEnnlius
780 3657 810 3716 in
823 3654 939 3740 Sabinis
952 3599 1060 3720 bellum
1075 3659 1174 3734 gessrtt

191 3752 224 3804 et
237 3739 287 3811 ibi,
300 3737 371 3815 quia
383 3735 476 3798 hostis
489 3738 635 3800 morsibus
643 3739 681 3796 'se
694 3740 823 3807 tenebat,
836 3737 945 3802 vastati
958 3737 1020 3818 agri
1034 3751 1111 3802 sunt.
1130 3734 1170 3816 lus

192 3817 306 3882 auidiis
318 3817 437 3886 deinde,
450 3835 511 3876 non
524 3822 663 3880 vittarum
678 3819 773 3892 ntuetr),
788 3819 840 3878 sed
855 3836 945 3888 errem
957 3819 1095 3882 vrurirum,
1115 3828 1171 3896 qiu·
