2634 4392
91 418 94 431 ,
170 340 230 417 ist
441 359 446 366 ·
592 352 754 431 unqvu

210 510 394 571 nxvl11.“
418 499 423 509 ’
454 510 578 580 ledum,
602 510 652 573 ubi
665 512 715 572 hic
730 506 843 571 curiam
857 491 1119 579 circumsederitis,
1139 514 1168 573 el

168 590 265 651 forum
278 591 419 653 infestum
446 592 575 661 ederitis,
594 599 627 653 et
647 611 797 653 carcerem
811 588 1004 676 impleveritis
1027 588 1166 671 principi·

1113 314 1119 325 1
1220 150 1227 398 Ι

996 432 999 439 .

167 672 244 740 bus3
264 669 371 731 iisdem
395 670 460 732 istis
473 670 620 732 ferocibus
633 670 741 732 animis
755 668 928 753 egredimini
948 680 1034 729 extra
1055 676 1166 753 portam

166 750 377 829 Esquilinam:
397 750 498 822 autel
517 770 558 824 ne
568 752 624 811 hoc
637 748 759 839 quidem
772 750 900 817 audetis,
924 768 960 807 ex
975 748 1068 809 muris
1083 749 1167 809 visite
1225 748 1226 771 ¹

167 848 256 911 agros
276 839 392 897 vestros
405 830 484 897 ferro
503 830 626 913 ignique
643 829 785 901 uastatose
806 832 941 919 praedum
953 830 1000 889 abi
1021 828 1040 897 '‚
1054 826 1166 890 fumare

168 906 294 983 incensa
307 913 417 992 passim
430 916 520 974 tecta.
560 914 605 978 At
615 910 697 974 enim
710 907 875 989 communis
890 927 939 969 res
951 928 1002 989 per
1038 927 1085 969 uec
1107 908 1168 969 loco

167 995 216 1048 est
235 993 355 1072 pejore:
432 1012 447 1053 r
466 991 572 1061 uritur,
594 989 666 1051 urba
684 989 854 1058 obsidetur,'
872 986 945 1049 belli
962 986 1057 1079 gloria
1078 1008 1167 1071 penes

170 1064 272 1130 hostes
285 1076 343 1132 est.
430 1070 464 1132 id
476 1070 623 1132 tandem?
641 1070 766 1151 privetae
782 1088 830 1129 res
843 1072 950 1131 vestre
963 1086 996 1128 m
1016 1086 1077 1147 quo
1092 1074 1166 1127 statu

1223 820 1227 963 l

1222 992 1226 1031 l

166 1148 270 1210 eunti
303 1151 371 1211 lam
390 1150 551 1231 unicuique
571 1168 610 1220 cx
629 1148 708 1232 agris
732 1165 786 1208 sua
805 1144 914 1213 damna
931 1144 1168 1219 nunciabanture
1224 1188 1225 1199 ι

168 1229 243 1308 quid
257 1236 304 1292 est
317 1230 438 1292 tandem
457 1230 548 1300 domi,
570 1230 652 1292 unde
672 1249 708 1291 ea
728 1226 898 1309 explentis?
939 1226 1067 1287 Tribuni
1087 1227 1168 1289 robis
1222 1231 1225 1312 ξ

169 1309 278 1371 ιιιιὶιιιι
290 1311 420 1372 reddent
432 1328 468 1372 ac
482 1308 667 1370 restituent?
685 1307 768 1368 vocis
782 1309 1004 1387 ⁴verborumque
1024 1314 1165 1389 quantum
1220 1325 1224 1348 ¹

168 1388 286 1459 voletis,
305 1389 451 1472 ingerent,
471 1395 507 1450 et*
522 1388 680 1449 criminum
699 1387 732 1449 in
745 1386 905 1473 principes,
932 1394 964 1447 et
984 1386 1085 1479 legum
1099 1387 1166 1448 alin-
1224 1404 1225 1409 ¹

169 1488 237 1530 rum
257 1489 347 1551 super
366 1470 451 1546 alius,
473 1475 506 1536 et
524 1468 711 1565 concionum.
751 1466 813 1527 Sed
839 1486 877 1527 ex
896 1464 957 1526 illis
978 1468 1166 1559 concionibus

168 1545 1168 1709 ttttttqtdddbqtldeltltlltllttltlzd

149 1732 152 1735 ·
168 1705 248 1779 odia,
260 1707 449 1779 offensiones,
462 1708 629 1804 simultates
643 1706 776 1799 publicas
797 1704 1015 1797 privatasquei
1031 1706 1168 1800 aquibus

168 1792 869 1947 utinimltdrlllbldtlizllu
882 1784 1167 1934 dublelli?

167 1963 230 2007 non
243 1946 370 2009 tribunis
383 1947 520 2016 ducibus,
531 1946 603 2015 etin
617 1944 735 2024 cestris,
747 1963 806 2005 nou
820 1943 852 2005 iu
866 1944 937 2015 loro,
949 1942 1120 2020 faciebatis,
1141 1949 1168 2011 et

169 2025 202 2087 in
222 2024 287 2087 acie
307 2032 441 2088 vestrum
461 2026 620 2088 clamorem
639 2024 749 2093 hostes,
773 2042 834 2091 uon
853 2023 885 2085 in
906 2021 1049 2085 concione
1064 2022 1167 2085 Patres

166 2104 298 2167 Romani
310 2104 479 2177 horrebunt,
502 2104 608 2187 praede
620 2110 717 2185 parta,
731 2124 802 2185 agro
821 2123 859 2164 ex
871 2103 956 2165 hoste
969 2110 1067 2183 capto,
1092 2102 1168 2197 pleni

167 2172 356 2249 fortuna’rum
365 2186 538 2271 gloriaeque,
558 2184 646 2251 simul
660 2183 799 2273 publicae,
813 2183 902 2243 simul
915 2182 1051 2265 privatae,
1064 2190 1165 2244 trium·

169 2262 297 2348 phantes
310 2266 431 2329 domum
444 2266 484 2328 ad
496 2270 621 2349 penates
640 2262 804 2333 redibatis3
823 2282 905 2323 nunc
926 2270 1083 2323 oneratum
1105 2282 1166 2323 vcs-

169 2344 227 2404 tris
240 2345 368 2408 fortuma
387 2346 502 2408 bostem
522 2345 604 2408 ubire
623 2343 732 2405 sinitis.
771 2342 897 2415 Haerete
919 2341 1001 2406 affixi
1021 2338 1167 2403 concioni·

169 2425 236 2496 bus,
259 2426 335 2489 etin
358 2424 423 2487 foro
448 2422 565 2485 viriles
584 2422 722 2515 sequitur
744 2440 798 2481 vos
820 2419 985 2483 necessitas
1012 2420 1167 2497 militandi,

169 2519 261 2582 quam
273 2503 386 2589 fugitis.
425 2504 526 2565 Grave
540 2508 604 2563 crat
622 2522 655 2561 ru
668 2502 789 2581 AEqnos
801 2508 831 2564 et
845 2501 971 2561 Volscos
994 2500 1143 2581 proficisci
1155 2501 1167 2558 l

168 2589 241 2644 ante
254 2590 355 2663 portas
369 2589 415 2645 eat
427 2582 560 2654 bellum3
580 2581 689 2642 siinde
703 2601 763 2641 non
776 2579 908 2663 pellitur,
926 2582 991 2673 jam
1004 2582 1085 2641 iutra
1097 2600 1167 2641 moe·

169 2661 222 2723 nia
234 2662 300 2732 erit,
323 2668 355 2723 ct
367 2682 467 2723 arcem
487 2669 519 2724 et
531 2661 712 2742 Capitolium
732 2661 867 2730 scandet,
888 2666 919 2720 et
931 2680 963 2719 m
984 2658 1088 2721 domos
1102 2678 1163 2721 ves-

170 2746 234 2803 tras
244 2760 297 2801 vos
309 2749 524 2834 persequetuu
539 2740 668 2805 Biennio
678 2741 748 2801 anti
762 2746 884 2805 senatus
896 2740 1048 2801 delectum
1063 2738 1167 2807 haberi,

170 2825 203 2882 et
213 2820 301 2882 educi
311 2828 476 2883 exercitum
488 2821 521 2883 iu
535 2820 676 2903 Algidum
686 2818 778 2900 jussit
790 2839 799 2890 ς
819 2819 958 2881 sedemus
978 2819 1099 2881 desides
1119 2819 1166 2879 du·

168 2901 222 2970 mi,
236 2900 398 2961 mulierum
412 2900 471 2961 ritu
484 2901 631 2961 internos
651 2898 832 2959 altercantes
844 2919 853 2971 ς
873 2899 1015 2979 proeseuti
1027 2918 1104 2982 pace
1117 2900 1166 2958 lae·

170 2980 205 3049 tl,
219 2998 276 3041 uec
288 2986 456 3051 cernentes,
468 3000 506 3041 ex
518 2978 579 3042 otio
591 2979 643 3039 illo
656 2979 741 3040 brevi
752 2976 911 3059 multiplex
924 2979 1036 3040 bellum
1058 2975 1167 3041 reditu·

170 3078 246 3121 rum.
286 3060 345 3121 His
368 3080 423 3143 ego
441 3059 571 3153 gratiora
583 3059 667 3121 dictu
688 3059 747 3120 alia
767 3078 834 3119 esse
855 3059 938 3118 scios
958 3059 1012 3119 sed
1032 3080 1080 3123 me
1102 3076 1168 3124 vert

170 3158 226 3220 pro
238 3139 330 3223 gratis
343 3141 434 3278 loqui,
456 3148 514 3201 etsi
528 3160 625 3201 meum
638 3138 789 3220 ingenium
803 3157 862 3197 non
876 3146 1020 3209 moneret,
1040 3138 1169 3199 necessi·

170 3225 358 3359 dllididlo
372 3320 424 3361 vos
437 3300 536 3361 salvos
549 3318 624 3368 esse,
644 3296 847 3387 qualicunque
861 3317 931 3379 erga
952 3318 999 3359 me
1012 3298 1113 3361 animo
1126 3298 1170 3357 lu·

169 3382 231 3448 tun
245 3377 326 3438 estis.
366 3380 485 3440 Natura
505 3379 561 3443 huc
577 3379 620 3443 ita
640 3382 841 3459 comparatum
862 3386 918 3446 est,
943 3384 987 3446 ut,
1014 3378 1066 3473 qni
1089 3375 1169 3459 apud

398 3221 486 3281 ellem
507 3218 645 3301 equidem
667 3217 749 3279 vobis
775 3217 903 3297 placere,
930 3218 1084 3291 Quirites;
1119 3214 1168 3277 sed

171 3456 393 3520 multitudinem
408 3466 462 3519 eui
476 3465 567 3520 cause
585 3456 729 3537 loquitur,
752 3456 863 3538 gratior
875 3476 910 3516 eo
924 3455 973 3526 sit,
987 3477 1074 3539 unqua
1087 3474 1171 3517 mens
1224 3496 1225 3539 p

168 3534 253 3606 nihil,
266 3545 378 3619 praeter
389 3537 540 3619 publicum
554 3536 751 3605 commodum,
771 3535 854 3595 videt
866 3556 874 3605 ς
895 3534 954 3595 nisi
973 3535 1050 3598 forte
1064 3554 1168 3598 asseu-

171 3622 284 3678 tatores
297 3617 440 3709 purblicos,
452 3617 615 3699 plebicolas
628 3616 713 3687 istos,
726 3614 778 3709 qui
788 3634 842 3675 vus
854 3634 911 3675 nec
924 3613 1057 3677 inarmis
1071 3614 1171 3675 necin
1224 3670 1225 3675 ,

171 3697 233 3757 otio
246 3716 312 3757 esse
323 3703 435 3767 sinunt,
446 3704 548 3758 vmtrt
562 3716 616 3757 vos
628 3702 719 3757 eaus'n
734 3694 857 3755 multare
871 3702 903 3755 et
916 3694 1069 3760 stimulare
1082 3702 1171 3777 puta·

171 3776 222 3837 tis.
261 3777 423 3847 concitati,
435 3782 488 3838 aut
498 3776 613 3846 honori,
625 3781 679 3837 aut
692 3774 822 3855 quaestui
831 3774 892 3835 illis
903 3775 994 3837 estis:
1014 3782 1046 3838 et
1078 3776 1128 3835 uia
1138 3774 1171 3835 iu

172 3855 330 3916 concordia
348 3856 487 3917 ordinum
501 3852 601 3917 nullos
614 3874 647 3916 se
669 3876 704 3915 us
727 3875 794 3949 pum
807 3872 873 3915 esse
887 3856 1000 3927 vident.
1020 3796 1108 3917 milae
1124 3852 1170 3915 rei

171 3948 215 4009 ao.
227 3934 318 4023 quim
330 3935 454 4021 uulbua,
465 3938 619 4011 turbarum
630 3956 668 4001 ec
676 3875 865 4019 editionum,
873 3934 966 4001 duces
976 3955 1042 4007 esse
1053 3934 1171 4008 volunt.

1121 4106 1125 4115 ⁸
1224 4108 1225 4127 l

1109 4162 1112 4169 .
1224 4128 1225 4169 l
