2634 4392
566 303 696 365 LIBER
709 302 735 363 l.
1107 302 1145 360 51

87 463 88 474 ¹
142 470 219 541 filii3
239 469 291 542 ibi,
304 467 493 530 inambulans
505 464 626 534 tacitus,
649 480 767 524 ‘summa
767 476 959 601 papaverum
979 457 1079 540 capita
1101 457 1149 518 di·
1229 484 1231 509 τ

143 552 221 612 citur
243 549 351 611 baculo
371 547 549 612 decussisse.
590 547 767 624 Interrogan
827 540 1074 621 expectandoque
1100 559 1148 598 re·

144 651 289 712 sponsum
313 627 443 689 nuncius
462 625 569 697 fessus,
588 631 625 688 ut
657 645 691 684 re
710 620 896 704 imperfecta,
916 620 997 681 redit
1017 617 1161 691 (rabiosa
1228 634 1231 690 ξ

144 733 212 792 quae
229 710 341 772 dixerit
353 709 427 790 ipse,
448 727 578 786 quaeque
590 704 709 773 viderit,
730 702 843 762 refert:
863 720 916 760 seu
929 700 986 769 ira,
999 719 1060 792 seu⁴
1072 698 1151 792 qdio,
1229 702 1231 758 l

145 812 197 850 seu
220 789 362 871 superbit
386 787 477 848 insita
497 785 626 868 ingenio,
650 785 766 844 nullam
789 801 859 842 eum
885 800 990 840 vocem
1003 799 1149 840 emrsrsse.
1229 806 1230 867 q

146 873 240 930 Sexto
252 871 312 939 ubi,
326 868 399 949 quid
412 867 507 955 vellet
519 885 637 946 parens,
652 863 762 956 quidve
775 859 1075 955 praeciperetrtacitis
1087 879 1151 920 am·

145 949 279 1031 bugilrus,
293 949 411 1030 patuit3
445 945 589 1028 primores
615 943 759 1012 civitatis,
775 941 962 1002 crrmmando
982 940 1057 1001 alios
1070 938 1151 1020 apud

145 1031 301 1111 populum,
314 1029 387 1090 alios
401 1035 456 1088 sua
470 1027 551 1108 ipsos
564 1024 679 1086 invidia
691 1029 873 1115 opportunos
886 1019 1037 1112 ipteremit
1044 1019 1152 1112 rmul‘-
1229 1056 1230 1065 .

145 1109 309 1191 tipalam3
352 1107 483 1189 quidam,
503 1106 535 1166 in
556 1105 665 1185 quihus
697 1106 799 1164 munds
829 1119 964 1183 specrosa
983 1106 1152 1159 criminatro
1229 1170 1230 1173 Ἴ

146 1197 212 1250 erat
224 1189 335 1260 futura,
362 1190 440 1249 clam
460 1185 623 1248 interfecti.
663 1183 767 1245 Patuit
786 1180 965 1263 quibusdam
984 1179 1153 1240 volentibus
1171 1209 1174 1214 ·

147 1269 226 1350 suga,
243 1270 338 1330 autin
353 1268 490 1330 exsilium
503 1267 562 1328 acti
584 1271 665 1336 suut,
679 1263 906 1340 absentiumque
919 1261 997 1320 bona
1005 1262 1095 1340 juxta
1106 1266 1153 1320 at·
1229 1306 1230 1313 ,

149 1371 206 1428 que
219 1349 463 1429 interemptorum
486 1346 597 1406 divisui
609 1345 703 1406 fuere.
744 1341 928 1423 largitionis
941 1340 1012 1400 inde
1025 1338 1153 1421 praedae·

149 1450 207 1508 que
221 1436 255 1490 et
268 1428 430 1488 dulcedine
453 1426 562 1508 privati
576 1423 845 1486 c‘ommodisensus
859 1421 1005 1481 malorum
1018 1418 1153 1501 publico-

148 1529 214 1568 rum
226 1507 330 1575 adimi,
355 1508 460 1577 donec,
474 1509 545 1568 orba
566 1506 692 1570 consilio
705 1504 887 1582 auxilioque,
898 1500 1016 1562 Gabina
1028 1518 1077 1560 res
1090 1498 1155 1580 regi

148 1589 286 1648 Romano
301 1586 364 1646 sine
375 1588 436 1646 ulla
451 1587 643 1646 dimicatione
652 1587 685 1645 in
699 1603 821 1647 manum
833 1581 972 1642 traditur.

188 1668 256 1728 LV.
277 1665 380 1726 Gabiis
398 1665 538 1745 receptis,
561 1663 747 1744 Tarquinius
767 1683 872 1743 pacem
896 1681 965 1720 cum
984 1662 1154 1800 AEquorum
1229 1728 1230 1737 χ

148 1753 240 1827 gente
263 1744 355 1814 fecit3
375 1745 474 1804 fredus
496 1763 564 1802 cum
578 1743 689 1802 Tuscis
709 1742 874 1801 renovavit.
914 1740 991 1801 Inde
1008 1761 1028 1800 a
1064 1759 1156 1819 nego·

148 1827 193 1886 tia
207 1827 323 1898 urbana
332 1824 463 1885 animum
477 1822 642 1892 convertit;
657 1840 790 1901 equorum
803 1828 873 1882 erat
886 1819 1015 1912 primum
1023 1822 1058 1880 ut
1070 1818 1154 1910 Jovis

149 1906 295 1986 templum
310 1905 455 1964 iu-monte
479 1903 619 1994 Tarpejq,
639 1904 867 1973 monumentum
888 1918 972 1980 regul
992 1900 1039 1959 sui
1060 1920 1155 1961 norru-
1229 1932 1230 1935 κ

149 1985 268 2064 uisque,
281 1984 481 2064 relinqueret:
502 1981 784 2062 Tarquiniosreges
803 1983 914 2050 ambos,
927 1985 1042 2061 patrem
1055 1979 1155 2038 vovis·

149 2085 192 2133 se,
215 2064 311 2124 filium
334 2063 504 2144 perfecisse.
544 2061 594 2130 Et,
614 2069 649 2120 ut
662 2061 757 2121 libera
784 2059 942 2121 alcaeteris
966 2059 1156 2140 religionibus

150 2165 221 2204 area
246 2151 327 2204 esset
353 2149 418 2202 tota
430 2141 513 2200 Jovis
532 2141 698 2220 templique
717 2143 793 2219 ejus,
812 2140 894 2218 quod
914 2139 1157 2209 inaedificaretur,

150 2241 335 2304 exaugurare
349 2221 419 2281 sana
432 2219 602 2298 sacellaque
616 2218 742 2287 statuit,
762 2238 830 2296 quae
843 2218 959 2297 aliquot
971 2219 1012 2278 ini
1034 2221 1051 2278 a
1065 2220 1156 2280 Tatio

150 2322 231 2384 rege,
246 2301 375 2382 primilm
397 2301 428 2360 in
442 2300 508 2380 ipso
521 2297 695 2358 discrimine
708 2298 853 2357 adversus
865 2297 1026 2357 Romulum
1048 2319 1157 2379 pugnae

149 2391 231 2450 vota,
243 2387 426 2448 consecrata,
439 2379 675 2470 inaugurataque
689 2384 794 2472 postea
806 2376 936 2438 fuerant.
976 2378 1061 2437 Inter
1074 2378 1157 2458 prin-

150 2462 231 2542 cipia
244 2460 393 2521 condendi
406 2461 495 2540 hujus
517 2479 614 2542 operis
628 2477 757 2519 movisse
779 2477 891 2520 numen
904 2457 942 2518 ad
964 2457 1159 2521 indicandam
1216 2461 1231 2486 '¹

149 2540 230 2602 tanti
243 2539 360 2622 imperii
383 2541 492 2614 molem
505 2538 635 2600 traditur
660 2539 751 2610 deos.;
772 2559 842 2598 nam
856 2559 949 2618 quum
963 2538 1093 2598 omnium
1109 2561 1157 2601 sa·
1229 2606 1230 2609 Ἴ

150 2620 296 2681 callorum
309 2621 556 2703 exaugurationes
569 2618 765 2680 admitterent
782 2639 862 2689 avec,
887 2619 920 2678 in
933 2618 1069 2678 Termini
1089 2619 1159 2684 fauo

149 2720 212 2761 non
226 2701 378 2761 addixere.
420 2701 455 2761 ld
465 2720 552 2782 omen
563 2699 780 2780 auguriumque
788 2699 832 2758 ita
842 2708 998 2780 acceptum
1010 2707 1075 2771 est;
1096 2719 1158 2761 non
1229 2772 1231 2783 .

150 2788 263 2841 motam
283 2780 418 2842 Termini
439 2782 551 2850 sedem,
565 2799 718 2859 unumque
732 2800 802 2840 eum
816 2780 947 2855 Deorum
968 2799 1029 2839 non
1050 2800 1156 2840 evoca-
1229 2786 1231 2853 ζ

151 2867 217 2919 tum
228 2861 423 2940 sacratissibi
436 2861 554 2928 finibus,
566 2861 650 2920 firma
660 2860 837 2938 stabiliaque
846 2859 957 2919 cuncta
1006 2860 1157 2920 rtendere.
1229 2862 1231 2929 l

152 2941 220 3000 Hoc
233 2940 444 3032 perpetuitatis
456 2939 590 3018 auspicio
604 2959 676 3005 acce
697 2946 739 3009 to,
749 2946 889 3000 secutum
900 2936 960 2998 aliu
984 2984 993 3008 ,
1006 2941 1156 3019 magnitu-
1229 2936 1230 2969 f

150 3020 251 3080 dinem
265 3039 305 3078 mr
347 3018 383 3078 rii
402 3019 595 3098 portendens,
628 3039 643 3076 r
684 3018 775 3098 rgium
788 3025 854 3088 est3
885 3022 976 3110 caput
994 3019 1157 3080 humanum

149 3099 268 3179 integra
307 3097 372 3158 acie
385 3041 628 3178 aperientibusl
962 3098 969 3109 '

150 3178 257 3238 ruisse.
311 3178 387 3252 Quae
402 3177 477 3238 ‘visa
496 3177 621 3258 species,
647 3175 729 3236 haud
770 3192 803 3234 er
815 3179 962 3256 ambages,
975 3197 1075 3238 arcem
1088 3200 1156 3240 eam

149 3256 269 3338 imperii
283 3260 432 3338 caputque
446 3271 545 3320 rerum
559 3255 623 3317 fore
637 3197 853 3338 portemlebat3
873 3256 965 3335 idque
979 3255 1022 3317 ita
1036 3259 1154 3319 cecine-

148 3358 182 3398 re
197 3345 293 3406 vates,
306 3337 418 3416 quique
433 3336 464 3396 in
478 3339 660 3406 urbeerant,
674 3356 809 3417 quosque
822 3335 861 3396 ad
874 3356 941 3398 eam
955 3356 1018 3396 rem
1033 3340 1153 3399 consul-

149 3415 277 3480 tandam
290 3436 326 3476 ex
347 3417 468 3477 Etruria
481 3420 662 3477 acciverant.
679 3463 684 3472 ,
702 3419 877 3497 Augebatur
889 3417 928 3476 ad
942 3415 1093 3498 impensas
1108 3440 1154 3479 re·

149 3499 197 3582 gis
218 3494 344 3556 animus.
384 3497 492 3636 Itaque
506 3496 671 3558 Pometinae
692 3495 851 3565 manubiae,
871 3517 940 3575 quae
961 3497 1154 3578 perducendo
1229 3516 1231 3535 ³

151 3581 189 3642 ad
204 3577 328 3640 culmen
340 3576 420 3656 operi
456 3574 595 3638 estinatae
610 3584 705 3647 erant,
719 3577 771 3636 vix
783 3576 815 3638 in
828 3575 1025 3638 fundamenta
1044 3598 1154 3658 suppe-

153 3661 311 3724 ditauene3
332 3674 365 3714 eo
379 3656 470 3738 magis
485 3656 585 3727 Fabio,
598 3665 801 3738 praeterquam
822 3655 907 3736 ⁴quiid
927 3657 1077 3736 antiquior
1096 3666 1153 3727 est,

151 3735 341 3808 crediderim,
354 3735 549 3818 quadraginta
563 3756 598 3796 ea
612 3737 677 3798 sola
688 3738 803 3798 talenta
822 3735 934 3807 suisse3
963 3740 1054 3828 quam
1067 3736 1150 3798 Piso-

153 3818 194 3890 ni,
218 3817 269 3902 qui
290 3813 487 3900 quadraginta
506 3815 603 3880 millia
624 3817 734 3900 pondo
746 3817 863 3902 argenti
882 3821 1013 3897 seposita
1034 3816 1066 3878 in
1085 3838 1152 3886 eam

620 3097 802 3159 undamenta
820 3099 926 3178 templi
940 3097 1051 3156 dicitur
1064 3108 1155 3179 appa·
1229 3138 1230 3143 κ
