2634 4392
529 329 660 439 menn
673 330 732 415 ιιι.
1069 326 1133 397 rsr

129 508 217 570 quam
235 488 335 560 inulti,
346 488 494 570 -praedam
514 510 577 571 prae
593 494 772 570 sergentes,
794 492 874 549 tetro
885 488 933 550 'ad
949 488 1127 549 Corbionem

131 569 328 651 agmine‘iere,¹
337 569 496 643 Quinctius
505 569 608 631 consul
619 571 657 631 ad
668 568 840 630 concionem
849 570 990 651 populum
1000 567 1128 629 vocavit.

164 648 295 709 van.
317 650 363 709 Ibi
386 649 418 710 in
440 650 516 709 hanc
531 650 709 711 sententiam
723 652 856 711 locutum
876 649 1010 729 accipio:
1030 647 1126 709 “Etsi

126 728 192 789 mini
214 729 328 789 nullius
343 750 428 789 noxae
444 730 591 800 conscius,
611 730 753 804 Quirites,
775 750 850 799 sum,
869 736 971 789 tamen
986 748 1054 811 cum
1069 748 1125 808 pu-

126 810 195 869 dure
209 830 326 870 summo
340 810 370 869 iu
385 810 557 870 concionem
571 819 700 871 vestram
724 811 865 903 processi.
906 809 973 870 Hoc
995 828 1046 868 vos
1067 808 1126 869 sei-

126 909 166 959 re,
191 889 249 949 hoc
264 890 390 970 posteris
404 890 554 951 memori-e
574 889 717 951 nuditum
731 890 778 959 iri,
800 890 918 969 AEq'uos
940 896 971 949 et
991 888 1126 959 Volscos,

124 969 172 1028 vix
193 969 338 1029 Hernicis
357 968 446 1029 modd
461 990 557 1051 peres,
569 970 608 1029 Τ.
622 970 763 1043 Quinctio
777 970 916 1051 quartum
931 968 1063 1037 consule,
1086 968 1125 1029 ad

126 1048 237 1110 rnoenia
257 1050 338 1110 urbis
361 1050 464 1111 Bomae
488 1049 608 1129 impune
633 1057 761 1111 armatos
783 1050 908 1120 venisse.
961 1050 1051 1109 Hune
1073 1068 1127 1129 ego

125 1127 316 1208 ignominiam
331 1128 513 1209 (quanquam
523 1131 588 1211 jam
601 1129 651 1194 diu
673 1128 715 1190 ita
729 1129 849 1199 vivitur,
872 1128 897 1188 is
918 1136 1013 1189 status
1028 1148 1126 1205 rerum

126 1214 179 1277 est,
192 1215 230 1268 ut
249 1209 323 1270 nihil
336 1208 406 1270 boui
427 1209 543 1271 diuinet
556 1209 687 1350 animqu
707 1210 733 1269 si
747 1208 815 1269 huic
830 1208 1016 1289 potissimum
1028 1207 1128 1270 immi·

125 1308 192 1349 nere
205 1309 287 1351 anno
301 1290 435 1360 scissem,
448 1291 497 1351 vel
510 1290 625 1361 exsilio,
639 1310 658 1349 v
703 1296 806 1359 morte,
827 1288 852 1349 si
873 1288 975 1349 eliasu
997 1308 1020 1348 a
1034 1288 1127 1347 hono·

124 1366 161 1428 ris
175 1389 240 1429 uon
254 1378 342 1438 esset,
367 1370 519 1432 vitassem.
559 1370 647 1451 Ergo,
671 1369 697 1429 si
710 1369 766 1441 uiri
787 1388 869 1429 arma
880 1368 931 1429 ille
946 1309 1126 1437 ministrent,

124 1468 192 1526 quae
207 1448 242 1508 in
254 1447 348 1531 portis
360 1448 444 1511 fuere
459 1449 579 1521 nostris,
598 1450 666 1531 capi
680 1450 775 1510 Roma
795 1468 843 1509 rna
857 1448 980 1508 consule·
1001 1447 1125 1528 potuit?

125 1527 196 1587 satis
218 1528 371 1599 honorum,
397 1528 470 1591 satis
496 1531 644 1611 superque
671 1529 743 1591 vitae
771 1535 855 1589 erat:
876 1526 1127 1605 moriconsulern

123 1608 247 1669 tertium
261 1610 419 1691 opportuit.
460 1610 557 1685 Quem
575 1609 698 1669 tandem
711 1606 893 1688 ignavissimi
911 1608 1040 1669 hostium
1055 1618 1126 1667 cou-

123 1690 295 1768 tempsere?
315 1709 370 1751 nos
384 1688 547 1749 consules?
568 1708 606 1747 an
621 1708 673 1747 vos
689 1688 843 1763 Quirites?
886 1686 917 1746 Si
930 1686 1059 1767 culpaiu
1074 1707 1126 1747 uo·

125 1768 168 1827 bis
182 1775 240 1837 est,
261 1767 377 1829 auferte
390 1767 547 1847 imperium
568 1766 719 1848 indignis3
739 1773 779 1837 et,
800 1766 825 1826 si
840 1766 869 1825 id
886 1787 990 1846 perum
1003 1773 1060 1837 est,
1081 1764 1127 1827 iu·

126 1865 215 1928 super
236 1867 340 1928 poenas
354 1842 495 1928 expetite.
537 1844 569 1906 Si
589 1847 621 1905 iu
636 1846 728 1916 robis,
751 1862 839 1906 nemo
861 1846 991 1911 Deorum
1006 1866 1061 1907 nee
1075 1846 1127 1906 ho-

123 1926 236 1987 minnm
249 1928 297 1996 sit,
311 1927 363 2007 qui
378 1933 478 1989 vestra
491 1926 595 2007 puniat
605 1934 744 2018 peecata,
756 1924 887 2001 Quirites
900 1946 910 1997 ς
935 1932 1046 1987 uosmet
1060 1932 1126 1989 tan-

124 2008 188 2066 tum
209 2025 310 2067 eorum
325 2007 479 2087 poeuiteat.
519 2007 590 2067 Nou
603 2005 649 2066 rlli
663 2014 792 2066 vestram
807 2006 956 2087 ignaviam
971 2014 1126 2087 contemp·

123 2105 200 2154 sere,
213 2106 271 2147 nec
285 2105 348 2145 suae
364 2086 466 2147 virtuti
480 2084 587 2145 confisi
600 2092 672 2149 sunt
687 2106 696 2156 ;
716 2085 825 2165 quippe
841 2085 929 2146 toties
943 2085 1003 2148 fusi
1016 2084 1127 2169 fugati·

122 2185 191 2244 que,
214 2164 320 2225 castris
334 2165 426 2235 exuti,
486 2184 517 2223 ro
530 2164 676 2233 mulctati,
698 2166 873 2246 subjugum
886 2164 978 2235 missi,
997 2174 1073 2227 etse
1094 2170 1127 2227 et

122 2264 173 2305 vos
195 2264 315 2304 novere.
355 2241 463 2305 Discor
484 2242 514 2305 ia
534 2239 670 2304 ordinum
691 2250 736 2305 est
750 2263 898 2303 venenum
919 2244 1000 2305 urnis
1015 2246 1127 2325 hujusr

123 2323 249 2385 Petrum
269 2344 304 2385 ae
320 2324 414 2404 plebis
435 2323 621 2385 certaminar
641 2323 713 2385 dum
733 2343 790 2383 uec
811 2323 894 2383 nobis
916 2322 1125 2403 imperiinec

124 2404 205 2463 vobis
219 2403 366 2464 libertatis
379 2414 427 2465 est
441 2404 555 2475 modus,
575 2403 646 2480 dum
661 2404 757 2464 taedet
779 2423 830 2463 vos
852 2402 1051 2483 patriciorum,
1073 2404 1127 2465 hos

125 2483 306 2561 plebeiorum
320 2483 553 2576 magistmtuum,
569 2484 718 2544 sustulere
726 2481 773 2543 illi
788 2482 910 2543 animos.
951 2485 1010 2543 Pru
1027 2484 1125 2545 Deum

125 2561 222 2629 fidem.
232 2564 305 2643 quid
317 2567 400 2624 volus
410 2562 526 2636 vultis?
566 2564 717 2624 Tribunos
728 2562 822 2643 plebis
832 2563 1038 2645 concupistis3
1052 2582 1127 2623 con·

127 2644 236 2703 cordiae
251 2651 343 2705 causa
357 2642 568 2704 concessimus.
596 2642 803 2703 ‘Decemviros
824 2643 1038 2714 desider-*stim
1060 2662 1126 2703 cre.-

127 2722 166 2781 ari
179 2724 260 2803 passi
274 2744 386 2787 sumus.
427 2722 668 2785 Decemvimrum
691 2742 742 2783 vos
764 2732 924 2803 pertaesum
939 2726 1005 2784 est:
1026 2721 1126 2805 60ῐὶςὶ-

126 2820 188 2863 mus
199 2804 281 2863 abire
296 2803 480 2883 magistratu.
519 2804 667 2865 Maneute
681 2803 712 2862 iu
726 2803 846 2865 eosdem
857 2804 988 2883 privatus
1002 2802 1047 2863 ira
1058 2822 1125 2863 ues-

126 2886 180 2951 trl,
206 2885 280 2945 muri
295 2895 385 2962 atque
399 2884 536 2943 exsulare
556 2882 753 2943 nobilissimos
768 2882 846 2942 viros
871 2882 1126 2943 honoratissimus·

128 2975 181 3039 que
195 2964 276 3044 passi
291 2982 401 3021 sumus.
443 2961 592 3020 Tribunos
607 2962 703 3041 plebis
723 2982 824 3021 creare
838 2961 945 3023 iterum
966 2961 1124 3033 voluistis3

128 3044 257 3103 creastis.
300 3040 449 3101 Consules
462 3040 562 3100 facere
576 3048 741 3101 vestrarum
763 3040 901 3120 partium,
916 3040 972 3101 etsi
988 3042 1125 3112 Patribus

127 3119 295 3183 videbamus
318 3120 451 3199 iniquum
463 3141 474 3191 ;
494 3119 653 3200 patricium
679 3116 798 3199 quoque
819 3119 1025 3203 magistratum
1045 3120 1125 3201 plebi

127 3198 244 3261 domum
259 3202 322 3261 fieri
338 3200 486 3270 vidimus;
507 3197 649 3260 auxilium
662 3198 863 3269 tribunicium,
884 3201 1124 3281 provocationem

129 3279 163 3336 ad
192 3282 339 3359 populum.
368 3282 443 3341 scita
469 3280 561 3361 plebis
587 3280 723 3361 injuncta
751 3280 911 3348 Patribus3
956 3282 1010 3341 sub
1036 3281 1124 3342 titulo

128 3362 333 3437 aequandarum
357 3362 463 3439 legum,
488 3369 589 3419 nostra
605 3363 676 3440 jura
696 3380 837 3441 oppressa
858 3360 980 3419 tulimus
1002 3369 1032 3420 et
1053 3360 1124 3421 seri·

129 3456 200 3498 mus.
242 3441 299 3514 Qui
315 3441 381 3499 finis
396 3442 452 3500 erit
468 3440 707 3501 discordiarum?
746 3440 911 3519 Ecquando
924 3458 1010 3501 uuum
1022 3444 1124 3501 urbem

129 3514 240 3589 habere,
275 3523 429 3598 ecquando
450 3540 632 3579 communem
648 3522 738 3588 *hanc
766 3541 831 3581 esse
852 3521 976 3600 patriam
1000 3520 1123 3580 licebit?

129 3596 204 3661 Victi
227 3602 280 3662 u‘s
308 3607 437 3679 nequiore
462 3600 559 3659 auimo
585 3600 767 3677 quescimu‘s,
815 3602 881 3659 ulm
911 3620 963 3661 vos
988 3600 1124 3669 uictores,

131 3676 241 3740 Satisne
256 3687 311 3747 eet,
322 3681 403 3739 nobis
414 3702 465 3740 vos
478 3682 651 3743 metuendos
661 3701 726 3741 esse
738 3682 750 3739 i
792 3622 945 3741 iidversus
956 3700 1010 3741 nos
1021 3682 1123 3739 Aven-

129 3755 222 3821 tinum
236 3760 360 3841 capitur.
375 3762 518 3820 rulsersus
534 3781 585 3820 nos
601 3762 692 3820 Sacer
706 3770 868 3841 occupetur
880 3782 972 3821 moue.
1016 3759 1123 3839 Esqui-

129 3832 181 3895 lias
194 3841 314 3917 «pridem
330 3842 366 3899 ub
379 3842 461 3901 hoste
478 3861 566 3919 pru—re
581 3853 693 3920 captas,
716 3847 745 3901 et
767 3840 959 3900 scandentem
982 3844 1012 3901 iu
1033 3860 1122 3923 ogge-

129 3931 187 3975 rem
217 3920 355 4012 Y·’¹⁸9²¹¹¹¹
377 3921 490 3984 hostem
510 3940 599 3983 numo
612 3922 778 4003 submovitj
798 3920 834 3983 in·
852 3940 905 3985 noe
925 3919 990 3993 viri,
1016 3918 1048 3984 in
1068 3940 1122 3987 nus

132 4011 231 4064 arnan
244 4016 326 4065 esus.
856 4018 859 4023 ’
