2634 4392
138 281 200 340 me
559 261 730 340 mblvu'

140 440 202 510 but,
224 437 337 517 impetu
359 430 450 499 foebo,
476 433 576 510 strage
588 449 624 490 ae
637 429 724 489 ruint
739 427 850 490 fudert
858 424 963 490 Gallos
975 448 984 486 τ
997 435 1044 491 'bt
1070 448 1148 492 nuu-

142 539 235 600 quam
247 528 348 598 postea
361 530 417 572 nec
431 530 510 590 pars,
533 529 589 570 nec
610 508 743 584 arriversi
767 510 950 572 tentaverint
964 510 1026 572 tale
1040 531 1149 592 pugnus

141 617 245 681 genus.
285 591 403 654 Omissst
427 592 533 670 itaque
554 611 606 670 spe
620 609 674 670 per
700 589 756 648 vio.
780 595 872 668 atque
894 609 978 650 arma
991 591 1146 660 subeundi,

142 677 326 740 obsidionem
348 679 475 754 parant:
502 665 654 750 eujus'ad
680 669 712 729 id
737 673 855 749 ternpus
882 669 1081 740 immemores,
1104 677 1148 747 et,

142 755 223 838 quod
235 754 269 815 in
288 750 481 821 asseruerat,
501 749 685 816 firmentum
705 749 851 809 incendiis
874 751 956 809 urbis
977 755 1149 830 absumpse-

141 843 221 906 mut,
233 841 315 896 etex
328 830 406 914 agris
418 848 470 912 per
481 829 640 910 ipsosdies
651 825 772 910 raptum
779 849 866 890 omne
877 829 1046 910 Vejoserat.
1091 831 1150 912 lgi-

142 923 204 986 tur,
230 912 362 975 exercitu
383 910 489 981 diviso,
515 911 622 992 purtim
644 931 706 990 per
718 911 859 970 finitimos
879 911 1007 991 populos
1020 910 1149 992 praedari

143 995 268 1078 placuit,
287 990 395 1074 partim
416 989 544 1052 obsideri
557 1009 682 1062 areem3
702 997 736 1050 nt
750 989 1149 1082 obsidentibusfru'meutum

143 1071 1150 1232 tlt²ltttffittttttdtltlitt?ttltttt

144 1236 198 1296 ubi
210 1233 357 1297 Camillus
370 1231 535 1302 exsulabat,
547 1230 654 1292 duxitz
674 1231 726 1310 qui
740 1231 874 1292 moestior
887 1229 927 1291 ibi
941 1231 1063 1292 fortunat
1076 1235 1149 1312 pub-

145 1313 216 1385 lies,
236 1315 327 1394 qudm
341 1316 407 1380 sub,
429 1329 521 1391 quum
535 1311 602 1372 Diis
615 1311 840 1390 hominibusque
861 1311 1042 1378 accusandis
1065 1328 1150 1372 sene·

146 1405 254 1463 sceret,
264 1391 449 1472 indignando
460 1390 654 1468 mirandoque
667 1389 717 1466 ubi
730 1385 776 1449 illi
789 1391 849 1450 viri-
857 1397 967 1460 essent,
981 1391 1035 1476 qui
1047 1410 1150 1450 secum

145 1473 239 1554 Vejos
251 1473 445 1548 Faleriosque
458 1467 619 1548 cepissent,
644 1467 697 1548 qni
722 1467 781 1528 alia
793 1469 872 1529 bella
889 1470 1000 1530 fortids
1024 1491 1148 1551 semper,

146 1556 238 1634 qudm
258 1550 388 1619 felields,
410 1544 579 1630 gessissent
586 1568 597 1620 3
617 1548 739 1628 repente
753 1547 845 1616 audit,
866 1549 1152 1610 Gallorumexerci-

146 1640 212 1695 tum
232 1631 407 1712 aduentare,
429 1634 519 1708 atque
538 1626 578 1688 de
601 1648 637 1689 eo
657 1625 786 1710 panidos,
797 1627 943 1690 Ardeates
958 1630 1150 1700 consultatu

146 1735 205 1776 neo
218 1732 307 1774 secus
320 1711 414 1804 quim
426 1708 529 1769 divino
548 1709 654 1789 spiritu
668 1715 776 1778 taetus,
800 1711 890 1788 quum
914 1725 945 1769 se
967 1709 997 1769 in
1021 1709 1151 1771 mediam

148 1794 321 1856 concionem
332 1789 494 1857 intulisset,
505 1789 662 1849 abstinere
676 1793 778 1850 suetus
788 1789 981 1851 antttalibus
996 1790 1152 1861 conciliis3

188 1874 301 1934 XLIV.
320 1867 665 1947 “Ardeatesssiinquit
691 1879 710 1904 ‘⁶
722 1875 839 1939 ueteres
860 1869 958 1939 amici,
979 1871 1051 1930 novi
1064 1871 1151 1931 etiam

148 1955 230 2018 cives
242 1951 310 2020 mei,
324 1949 444 2030 quando
454 1953 487 2011 et
500 1950 630 2007 vestrum
641 1945 818 2008 beneficium
834 1950 876 2010 ita
890 1949 969 2019 tulit,
990 1958 1025 2010 et
1037 1951 1155 2012 fortuna

147 2036 203 2096 hoe
225 2031 289 2112 egit
308 2050 384 2099 mea,
410 2026 846 2094 nemoveetrom·0011ditionis
866 2049 941 2090 meae
958 2025 1086 2092 oblitum
1106 2051 1153 2092 me

146 2115 207 2176 huo
227 2107 409 2193 processisse
422 2112 529 2189 putet:
550 2105 676 2189 sedares
701 2127 736 2167 so
750 2109 916 2188 perieulum
931 2131 1090 2171 commune
1104 2131 1154 2172 co-

148 2196 201 2278 git,
224 2191 305 2273 qnod
317 2188 445 2270 quisque
464 2186 561 2269 possit
572 2187 604 2246 in
625 2207 658 2246 re
672 2187 788 2266 trepido
801 2189 950 2270 praesidii,
969 2191 1000 2251 iu
1020 2192 1155 2254 medium

149 2273 295 2338 conferre.
316 2271 320 2277 ’
335 2271 377 2331 Et
389 2267 509 2349 quondo
523 2287 577 2347 ego
590 2265 672 2328 vobis
685 2287 739 2347 pro
751 2267 844 2328 tantis
857 2269 966 2344 vestris
976 2271 1009 2330 in
1030 2291 1079 2332 me
1092 2293 1157 2334 me·

147 2356 215 2416 ritis
227 2350 352 2434 gratiam
377 2347 512 2417 referam,
534 2347 562 2406 si
582 2350 666 2406 nunc'
677 2349 853 2409 cessavero?
873 2355 926 2408 aut
946 2351 996 2410 ubi
1011 2371 1079 2410 usus
1094 2352 1155 2412 erit

148 2435 210 2498 mei
223 2430 316 2499 vobis,
330 2428 398 2489 siin
411 2427 489 2486 bello
502 2445 561 2485 non
575 2420 666 2486 fuerit
677 2427 693 2484 l
731 2427 798 2488 Hae
819 2435 883 2489 arte
904 2428 935 2494 in
950 2429 1046 2512 patria
1058 2431 1132 2490 steti
1146 2451 1158 2502 ·,

149 2519 190 2584 et,
203 2510 334 2572 inuictus
346 2506 435 2576 bello,
460 2505 492 2567 in
516 2514 590 2585 ptce
610 2507 648 2566 ab
662 2507 793 2646 ¹ingratis·
816 2509 930 2570 civibus
952 2511 1058 2591 pulsus
1079 2531 1159 2572 sum.

148 2594 242 2654 Vobis
252 2596 363 2658 antem,
377 2585 535 2654 Ardeates,
548 2586 669 2648 fortuna
679 2607 698 2646 o
719 2589 780 2649 lota
792 2595 847 2656 est,
861 2595 893 2649 et
905 2611 958 2669 pro
974 2590 1064 2651 tantis
1078 2589 1159 2672 pris·

129 2672 131 2679 ’
148 2673 221 2735 tinis
233 2669 337 2751 populi
361 2667 501 2743 Romani
511 2665 673 2734 beneficiis,
693 2669 873 2748 quantavipsi
888 2670 1076 2741 meministis,
1089 2671 1158 2753 (oso

150 2752 231 2815 euim
243 2745 448 2828 exprobranda
460 2745 540 2824 apud
554 2763 699 2805 memores
713 2747 795 2827 sunt)
816 2748 920 2828 gratiae
936 2749 1113 2820 referende,
1126 2757 1160 2812 et

150 2831 220 2894 huie
243 2825 310 2888 urbi
332 2824 426 2885 decus
450 2823 557 2910 ¹iugens
579 2821 651 2883 belli
671 2844 709 2886 ex
727 2823 813 2886 hoste
835 2829 986 2889 communi
1012 2831 1159 2911 pariendi.

150 2913 227 2988 Quoe
240 2908 335 2970 effuso
346 2904 466 2986 agmine
485 2903 637 2978 adventat,
657 2923 733 2985 gens
745 2903 875 2977 estloui
900 2918 1007 2979 uatum
1032 2931 1160 2992 corpora

149 2992 324 3068 trimosque
336 3001 445 3065 magna
465 2984 573 3065 magis,
588 3003 679 3062 quam
692 2985 785 3056 firma,
799 2987 917 3050 dederit
930 3009 941 3062 ;
961 3010 998 3052 eo
1009 2990 1041 3049 in
1057 2997 1170 3064 oerta·„

142 3093 220 3137 men
234 3088 321 3131 omne
332 3067 402 3148 plus
417 3064 546 3134 terroris,
565 3065 657 3144 qodrn
677 3065 795 3137 virium,
815 3067 925 3130 feru'nt.
966 3074 1157 3152 Argumento

151 3155 193 3215 sit
204 3149 306 3210 clades
319 3147 456 3207 Romana
469 3166 479 3215 ς
498 3152 649 3226 patentem
657 3165 770 3226 »cepere
781 3150 882 3208 urbem
894 3171 907 3220 ς,
925 3158 962 3210 ert
977 3171 1049 3211 arce
1062 3149 1158 3230 Copi-

149 3232 283 3307 tolioque
306 3227 352 3286 his
372 3226 485 3306 erigut}
494 3223 643 3306 resistitur
655 3245 754 3287 manu.
794 3227 861 3288 Jarn
876 3229 1038 3290 obsidionis
1063 3231 1163 3292 toedio

149 3307 411 3376 viotiabsoedunt,
438 3303 563 3388 vagique
587 3322 739 3390 peragros
759 3307 908 3388 palantur,
935 3309 1000 3372 cibo
1027 3309 1165 3390 vinoque

149 3389 259 3472 raptim
271 3387 377 3447 hausto
389 3385 505 3464 repleti.
547 3384 606 3444 Ubi
629 3397 692 3446 nox*
701 3389 828 3468 appetit,
856 3409 947 3470 prope
960 3391 1041 3450 riuos
1056 3405 1163 3470 'aqua-

149 3490 226 3539 rum,
253 3467 317 3528 sine
330 3463 524 3533 monimento,
551 3464 617 3525 sine
636 3463 814 3528 stationibus
824 3489 863 3528 oo
878 3469 1031 3538 custodiis,
1045 3470 1183 3550 possim·

147 3552 279 3612 seranum
292 3547 351 3606 ritu
366 3551 548 3613 sternuntur,
562 3564 642 3607 nuno
656 3547 849 3614 obserandis
856 3551 942 3610 rebus
958 3548 1050 3632 magis
1065 3550 1162 3611 etiam

150 3629 237 3690 solito
250 3625 373 3688 incauti·
413 3623 446 3683 Si
468 3623 595 3684 vobisin
622 3626 721 3692 animo
744 3635 791 3688 ost
807 3628 887 3695 'tueri
910 3629 1023 3692 moenia
1043 3637 1163 3700 vestra,

146 3724 205 3769 aee
217 3706 280 3786 pati
291 3705 359 3769 haee
372 3701 612 3764 omnio-Galliam
625 3703 701 3775 fieri,
724 3707 820 3786 prims
835 3707 936 3788 vigilis
950 3708 1048 3790 eapite
1073 3729 1166 3770 arms

145 3785 342 3868 &equentesz
361 3801 410 3843 me
424 3781 583 3862 sequimini
595 3783 635 3844 ad
648 3785 775 3857 oaedom,
798 3805 858 3849 nou
869 3787 909 3856 ad
922 3807 1054 3871 pugnem
1062 3809 1073 3862 3
1095 3787 1161 3852 nisi
