2634 4392
165 274 225 354 ios
589 287 628 348 n.
641 284 749 350 ulvn

168 448 253 519 fieri;
273 445 421 510 nemiuem
441 464 474 508 se
493 441 644 527 plebeium
663 440 920 527 contempturum„
935 442 987 516 ubi
1010 445 1163 505 'contemni

168 529 327 590 desissent.
380 525 599 608 Experiundum
619 547 683 588 rem
710 525 841 605 denique
860 524 898 583 in.
912 540 972 582 uno
992 530 1047 584 aut
1061 525 1164 586 'altem

170 626 246 676 esse,
266 605 464 698 sitneaIIquis
500 605 612 666 lebeius
623 605 748 668 ferendo
768 625 876 687 magno
895 603 1019 673 lionori3
1040 622 1162 684 anpor·

169 693 252 748 tento
265 685 363 746 simile
373 627 575 765 miraculoque
589 687 637 753 sit.
664 685 769 746 tomeun
781 705 817 744 ac
828 692 983 745 strennum
995 682 1097 742 vnum
1109 683 1164 744 ali·

167 785 259 846 quern
268 763 397 826 existere
411 773 507 825 ortum
524 785 561 825 ex
589 761 684 846 plebe.
723 765 847 824 Summa
858 763 889 824 vi
901 783 977 844 expu
1039 767 1107 824 tuni
1120 782 1166 822 es·

168 865 212 916 se,
231 852 268 907 ut
285 845 397 906 tribuni
410 844 536 905 militum
550 841 699 904 consulari
711 847 859 936 potestate
871 850 905 903 et
922 863 960 903 ex
972 864 992 924 p
1006 843 1060 902 ebe
1082 862 1164 905 crea·

168 931 282 986 rentur.
321 926 440 985 Petisse
463 923 540 984 viros
565 923 645 984 domi
665 923 840 1004 militiaeque
859 928 1029 1002 spectatos:
1058 921 1162 1002 primis

168 1004 256 1066 annis
264 1003 427 1086 sugillatus,
438 1004 582 1083 repulsos,
604 1001 679 1062 risui
688 1001 827 1062 Patribus
835 1001 948 1074 fuisses
969 1001 1085 1061 desisse
1096 1023 1163 1082 pus·

167 1087 265 1145 tremo
278 1087 410 1166 praebere
422 1083 460 1143 ad
475 1080 685 1143 contumeliam
699 1102 741 1141 os.
779 1082 847 1142 Nec
860 1101 893 1142 se
912 1081 1025 1149 videre,
1038 1101 1094 1141 cnr
1107 1102 1165 1142 non

170 1165 222 1226 lex
245 1182 365 1244 quoque
386 1165 552 1244 abrogetur,
572 1168 633 1242 qua
652 1161 686 1220 id
698 1161 798 1231 liccat,
811 1161 890 1241 quod
904 1179 1059 1240 nunquam
1084 1161 1166 1222 futu·

169 1263 238 1304 rum
252 1243 310 1314 sit3
323 1242 473 1302 minorem
498 1237 610 1321 quippe
621 1242 759 1300 ruborem
771 1240 834 1302 fore
848 1241 880 1302 in
896 1240 974 1321 juris
995 1239 1164 1321 iniquitate,

168 1324 261 1404 quam
272 1321 297 1381 si
310 1341 363 1400 per
376 1320 585 1414 indignitatem
598 1320 729 1412 ipsorum
745 1320 992 1399 praetereantur.’'

210 1401 352 1462 XXXVI.
393 1401 494 1480 lluJus
519 1417 637 1482 genens
656 1399 814 1470 orationes,
827 1418 1032 1461 cumassensu
1045 1399 1165 1470 audita,

168 1481 333 1544 incitavere
351 1479 497 1559 quosdam
508 1478 549 1538 ud
562 1479 726 1616 petendum
745 1478 926 1540 tribunatum
943 1480 1085 1551 militum,
1111 1481 1163 1541 ali·

171 1581 223 1621 um
236 1559 295 1622 alia
314 1558 353 1617 de
368 1557 530 1618 commodis
549 1579 570 1650 p
583 1558 644 1618 abis
657 1560 787 1619 laturum
802 1578 835 1618 se
847 1558 879 1618 in
903 1561 1077 1641 magistratu
1096 1581 1163 1640 pro·

170 1641 315 1701 litantem.
355 1637 431 1718 Agri
448 1637 562 1718 publici
576 1637 731 1698 diuidendi
754 1637 996 1731 coloniarumque
1015 1639 1163 1700 deducen-

169 1720 277 1782 darum
298 1721 453 1778 ostentata
477 1737 493 1778 s
531 1737 555 1787 s,
574 1723 615 1788 et,
635 1717 775 1800 vectigali
794 1721 1012 1798 possessoribus
1032 1739 1162 1799 agrorum

170 1798 318 1880 imposito,
337 1798 370 1855 in
389 1797 489 1878 stipen
510 1798 571 1856 ium
585 1797 715 1858 militum
727 1797 867 1878 erogandi
888 1797 966 1857 aeris.
1007 1798 1163 1879 captatum

170 1879 282 1938 deinde
295 1883 414 1957 tempus
428 1879 465 1935 ab
477 1876 604 1936 tribunis
624 1877 761 1945 militum,
782 1897 841 1954 quo
854 1897 907 1957 per
927 1876 1094 1939 discessum
1116 1877 1163 1936 bu·

170 1955 284 2018 minum
308 1958 345 2015 ab
365 1956 447 2023 urbe,
477 1973 568 2033 quum
595 1953 700 2015 Patres
731 1955 919 2016 clandestinat
932 1957 1162 2026 denunciatione

172 2033 303 2096 revocati
313 2035 351 2093 ad
363 2033 441 2093 diem
455 2040 566 2094 certam
582 2040 692 2103 essent,
705 2037 996 2098 senatusconsultum
1008 2036 1162 2107 fieretab
1226 2072 1227 2077 κ

92 2133 96 2140 ’
171 2115 307 2176 sentibus
329 2113 457 2173 tribunis
477 2113 576 2194 plebia
608 2119 651 2184 ut,
687 2115 806 2176 uoniam
820 2115 946 2176 Volscos
965 2116 998 2175 in
1019 2117 1162 2177 Hernico·
1226 2121 1228 2175 i

173 2213 240 2255 rum
254 2213 339 2276 agros
358 2193 524 2285 praedatum
549 2192 646 2254 exisse
666 2135 750 2255 iaus
763 2201 851 2264 esset,
870 2195 909 2254 ad
922 2191 985 2256 rem
1009 2195 1161 2278 inspicien·
1225 2276 1226 2279 Ἴ

173 2275 245 2336 dam
264 2275 386 2346 tribum¹
404 2273 532 2334 militum
561 2272 831 2352 proficiscerentur,
858 2275 1088 2356 consulariaque
1119 2297 1163 2335 ro·
1225 2292 1226 2323 ³

174 2355 260 2415 mitia
278 2355 465 2414 haberentur.
512 2351 644 2412 Profecti
665 2354 724 2431 Ap,
744 2353 914 2422 Claudium,
933 2356 1032 2417 filium
1052 2357 1163 2416 decem-
1225 2330 1227 2399 l

176 2435 242 2504 viri,
272 2434 446 2514 preelectum
465 2431 547 2490 urbis
575 2429 760 2508 relinquunt,
789 2431 946 2511 impigrum
966 2437 1117 2514 juvenem,
1135 2439 1166 2494 et
1225 2412 1227 2479 l

172 2516 237 2593 jam
257 2512 334 2572 inde'
348 2514 384 2570 ab
404 2507 581 2570 incunabilis
602 2509 749 2570 imbutum
769 2511 837 2570 odio
857 2512 1044 2574 tribunorum
1062 2512 1165 2593 plebis·

177 2613 257 2671 que3
284 2589 409 2650 tribunis
430 2589 509 2669 plebi
529 2608 586 2649 nec
607 2608 675 2648 cum
695 2589 866 2649 absentibus
886 2590 932 2660 iis,
958 2593 1012 2670 qui
1035 2595 1166 2654 senatus-
1224 2582 1225 2661 l

177 2671 344 2808 conpultum
358 2669 501 2806 peremat,
512 2687 568 2728 nec
580 2688 647 2730 cum
657 2670 766 2750 Appio,
784 2675 936 2733 transacta
953 2692 997 2742 re,
1009 2673 1094 2752 quod
1104 2691 1169 2732 con·
1224 2674 1226 2785 p

176 2757 228 2810 ten
252 2754 345 2816 erent,
371 2748 424 2816 uit,
693 2764 707 2794 ν’

216 2826 374 2889 XXXVII.
414 2826 516 2887 Creati
527 2827 665 2890 eonsules
673 2834 743 2888 sunt
754 2827 789 2889 C.
801 2830 871 2892 Sem
892 2831 993 2894 tonius
1003 2834 1170 2902 Atratinus,
1223 2882 1224 2885 ,

177 2911 213 2985 Q.
237 2907 346 2968 Fabius
369 2906 544 2966 Vibulanus.
584 2907 745 2989 Peregrina
758 2929 816 2980 res,
836 2853 891 2972 sed
911 2914 1054 2975 memoria
1074 2915 1171 3004 digne,

175 2989 359 3052 traditurus
383 3005 461 3046 anno
480 2987 578 3048 facta:
611 2988 804 3060 Vulturnum,
830 2992 1026 3053 Etruscorum
1060 2997 1171 3061 urbam,
1223 3042 1225 3089 Ι

176 3091 243 3150 qua
264 3087 354 3136 nunc,
368 3067 472 3148 Capua
492 3073 548 3136 est,
569 3069 606 3128 ab
620 3068 802 3129 Samnitibus
816 3076 955 3150 captum3
976 3073 1172 3156 Capuamque

175 3153 213 3210 ab
226 3151 303 3210 duce
318 3167 419 3208 eorum
432 3148 546 3227 Capye,
563 3148 612 3207 vel
629 3145 719 3226 (quod
741 3149 861 3228 propius
885 3169 955 3210 vero
969 3153 1029 3290 estp
1058 3174 1078 3214 a
1092 3173 1171 3214 cam-

175 3227 354 3309 pestriagro
375 3227 563 3306 appellatam.
604 3227 720 3292 Cerere
734 3234 843 3297 autem,
856 3228 940 3310 priris
964 3233 1047 3292 belo
1068 3233 1174 3324 fatiga·

173 3309 214 3369 tis
228 3306 373 3376 Etruscis,
385 3307 417 3365 in
430 3306 602 3373 societatem
615 3307 698 3366 urbis
719 3327 915 3389 agrorumque
928 3311 1068 3392 accepti3
1090 3314 1175 3373 dern-

173 3389 213 3448 de
233 3386 309 3445 festo
336 3385 385 3444 die
404 3405 509 3466 graves
536 3405 638 3445 somno
659 3387 816 3469 epulisque
835 3387 948 3452 incolas
962 3397 1083 3452 veteres
1103 3390 1173 3452 novi

173 3464 271 3527 coloni
286 3471 433 3524 nocturna
447 3465 532 3524 caede
545 3465 651 3526 adorti.
692 3467 751 3526 His
775 3471 863 3530 rebus
876 3470 962 3538 actis,
976 3473 1122 3531 consules
1143 3469 1173 3538 ii,
1221 3476 1222 3521 l

172 3566 248 3626 quos
269 3543 407 3613 diximus,
437 3545 540 3606 Idibus
561 3545 776 3606 Decembribus
796 3539 1001 3628 magistratum
1017 3570 1172 3643 occepere.
1221 3607 1223 3610 ,

170 3627 235 3690 lam
252 3643 311 3682 non
326 3625 432 3693 solum,
455 3625 506 3702 qui
517 3625 554 3684 ad
569 3625 601 3684 id
611 3625 695 3684 missi
705 3633 800 3696 erant,
820 3627 994 3699 retulerant,
1015 3630 1173 3691 imminere
1221 3634 1223 3703 l

171 3705 313 3762 Volscum
337 3701 468 3774 bollum3
495 3703 548 3762 sed
562 3704 654 3785 legati
668 3709 786 3785 quoque
799 3708 835 3764 ab
849 3705 967 3768 Latinis
982 3717 1013 3770 et
1028 3709 1174 3769 Hernicis

170 3781 361 3850 nunciabant,
381 3781 482 3840 “Non
499 3783 569 3841 ante
594 3803 725 3863 unquam
747 3785 870 3845 Volscos
892 3805 948 3846 nec
975 3789 1107 3848 ducibus
1128 3789 1173 3846 le·

168 3860 284 3948 flendis,
311 3877 368 3919 nec
388 3861 532 3922 exercitui
552 3865 719 3938 scribendo,
745 3863 921 3930 intentiores
942 3866 1054 3939 fuisse3
1080 3867 1173 3949 vulgi
1220 3866 1222 3947 ss
