2634 4392
535 293 667 358 claun
680 293 722 354 11.
904 367 907 374 ¹
1022 269 1026 278 '
1094 303 1131 364 a

147 454 282 536 extenplo
309 453 510 535 confligerent.
570 455 651 536 Ergo
683 452 772 514 etiam
801 451 940 532 prceiium
970 452 1134 532 aliquanto,

147 537 223 613 quim
237 546 347 605 cetera,
367 536 486 616 gravius
506 538 597 612 atque
611 533 742 594 atrocius
762 531 840 602 iuit3
860 552 919 592 non
941 533 1019 592 enim
1040 533 1133 594 duces

146 617 176 674 ad
189 617 346 696 regendam
367 615 454 675 modb
468 614 593 674 consilio
613 635 675 673 rem
698 613 818 680 affuere,
839 614 901 681 sed,
916 613 1041 674 suismet
1060 612 1132 694 ipsis

145 697 303 775 corporibus
316 694 505 763 dimicantes
519 695 665 754 miscuere
687 693 871 762 certamina3
906 713 960 752 nec
975 693 1135 773 quisquam

143 795 285 854 procerum
301 776 394 836 ferme
414 776 469 834 hac
491 783 542 834 aut
568 774 619 834 illa
641 795 679 834 ex
700 773 771 834 acie·
786 773 850 832 sine
871 773 1003 842 vulnere,
1024 781 1134 865 praeter

141 857 307 915 dictatorem
329 857 505 923 Romanum,
525 854 662 914 excessit.
714 853 749 912 In
773 851 966 922 Postumium,
987 875 1082 932 pruna
1102 854 1134 916 in

141 935 202 995 acie
219 955 285 995 suos
299 936 504 996 adhortantem
525 935 794 1012 instruentemque,
818 933 1002 1012 Tarquinius
1024 935 1133 1014 Super-

139 1017 197 1082 bus,
215 1036 385 1095 quanquam
413 1017 476 1096 jam
501 1021 590 1074 aetate
611 1022 643 1073 et
664 1013 773 1072 viribus
795 1020 858 1072 erut
878 1013 1002 1092 gravior,
1024 1034 1134 1092 equum

139 1094 255 1155 infestus
269 1096 409 1156 admisit:
436 1095 575 1172 ictusque
595 1097 632 1153 ab
653 1094 755 1162 latere,
776 1113 922 1152 concursu
946 1113 1065 1152 suorum
1086 1115 1133 1154 re·

139 1187 234 1254 ceptus
254 1175 285 1235 in
308 1186 404 1236 tutum
427 1185 482 1234 est.
537 1177 576 1234 st
589 1176 626 1234 ad
649 1173 775 1232 aiterum
797 1193 888 1232 cornu
913 1171 1050 1232 AEbutius
1072 1194 1133 1234 ma·

137 1255 219 1332 gister
245 1256 380 1334 equitum
399 1256 433 1316 in
454 1255 612 1314 Octavium
634 1253 804 1312 Mamilium
825 1252 967 1332 impetum
989 1252 1133 1328 dederat5

138 1354 184 1393 uec
204 1335 315 1398 fefellit
334 1335 685 1401 venierrs‚'l'uscu1auum
706 1334 835 1402 ducem3
868 1341 970 1392 contra
991 1353 1079 1411 quem
1101 1339 1133 1395 et

137 1414 178 1473 ille
199 1416 335 1474 concitat
348 1436 458 1494 equum
469 1435 479 1485 ;
498 1423 642 1494 tantaque
663 1413 708 1472 vis
723 1412 840 1473 infestis
862 1412 1044 1473 venientium
1065 1414 1134 1474 hus-

136 1493 165 1551 tis
178 1493 250 1563 fuit,
265 1504 298 1554 ut
311 1495 460 1554 brachium
482 1499 603 1554 AEbutiu
618 1496 777 1573 trajectum
806 1494 854 1562 sit,
876 1492 1012 1552 Mamilio
1027 1503 1132 1573 pectus

135 1593 314 1652 percussum.
355 1575 444 1635 Hunc
466 1577 586 1654 quidem
607 1574 639 1634 in
662 1573 825 1634 secuudum
846 1574 940 1633 aciem
963 1573 1064 1638 Latini
1086 1595 1132 1634 re-

136 1659 246 1732 cepere.
287 1656 437 1722 AEbutius‚
461 1676 553 1734 quum
575 1654 677 1713 saucio
697 1653 815 1712 brachio
837 1661 938 1712 tenere
959 1645 1053 1712 telum
1073 1674 1133 1714 non

135 1741 237 1810 posset,
251 1743 351 1812 parnt
373 1735 512 1793 excessit.
553 1733 682 1792 Latinus
703 1733 773 1800 (iux,
795 1731 866 1790 nihii
889 1732 1051 1796 deterritus
1066 1735 1130 1792 vul-

135 1831 206 1882 nere,
227 1782 368 1895 prcsiium
382 1814 462 1880 ciet3
497 1821 537 1882 et,
551 1812 621 1891 quia
641 1832 709 1872 suos
724 1811 876 1905 percpisos
892 1813 1018 1880 videbat,
1033 1833 1132 1872 arces·

134 1892 167 1949 sit
180 1893 331 1952 cohortem
353 1893 490 1952 exsulum
512 1895 722 1961 Ronranorum,
749 1892 797 1950 cui
819 1893 855 1950 L.
872 1891 1030 1970 Tarquinii
1051 1893 1131 1954 filius

132 1986 275 2048 praeeram
308 1994 352 2042 ea,
375 1973 456 2052 quid
471 1977 580 2053 majore
596 1977 747 2054 pugnabat
761 1972 803 2030 irt
819 1975 855 2032 ob
870 1981 973 2051 erepta
986 1975 1063 2032 buna
1077 1995 1130 2054 pa-

132 2053 272 2130 trimnque
287 2053 465 2130 ademptam,
476 2074 604 2132 pugnam
618 2073 777 2132 parumper
792 2052 930 2111 restituit.

164 2131 233 2192 XX.
257 2132 465 2190 Referentibus
481 2134 545 2210 jam
566 2133 673 2210 pedem
694 2135 730 2189 ab
751 2152 786 2190 ea
807 2144 891 2210 parte
913 2133 1065 2202 Romanis,
1086 2134 1131 2193 Μ.

132 2210 278 2278 Valerius,
310 2208 473 2268 Publicolae
494 2209 616 2276 frater,'
631 2209 820 2288 conspicatus
841 2211 970 2270 ferocem
987 2215 1132 2291 juvenem

132 2288 337 2368 Tarquinium,
351 2293 549 2350 ostentantem
560 2308 591 2347 se
605 2286 634 2347 in
649 2288 745 2367 prima
760 2290 894 2348 exsulum
906 2290 980 2359 acie,
991 2293 1131 2352 domesti-

131 2377 160 2427 ci
173 2371 266 2428 etiam
280 2367 374 2450 glori&
389 2387 542 2438 accensus,
558 2375 599 2437 ut,
613 2372 700 2444 cujus
715 2367 835 2428 familiae
856 2370 949 2429 decus
970 2371 1059 2450 ejecti
1080 2393 1128 2432 re·

131 2469 175 2527 ges
189 2457 286 2516 erant,
311 2447 447 2527 ejusdem
470 2447 621 2509 interfecti
643 2449 751 2517 ibrent,
772 2449 872 2508 subdit
893 2451 1022 2511 calcaria
1043 2472 1129 2530 equo,

133 2542 158 2586 et
177 2528 378 2607 Tarquinium
397 2528 508 2588 infesto
530 2529 645 2609 spiculo
666 2527 751 2608 petit.
792 2530 976 2608 Tarquinius
998 2533 1078 2591 retr.)
1100 2533 1129 2594 in
1209 2577 1210 2580 =

132 2628 229 2687 agmen
253 2627 372 2667 suorum
393 2608 508 2668 infenso
530 2609 622 2668 cessit
641 2609 730 2668 hosti.
771 2607 935 2678 Valerium,
956 2621 1068 2672 temere
1082 2612 1128 2672 in·

132 2700 243 2748 rectum
272 2686 303 2747 in
330 2689 466 2748 exsulum
487 2689 592 2758 aciem,
613 2709 650 2748 ex
671 2695 841 2748 transverso
861 2690 984 2768 quidam
1006 2692 1128 2754 adortus
1209 2695 1210 2759 ἶ

131 2766 294 2849 transfigit:
328 2787 384 2826 nec
405 2768 568 2848 quicquam
588 2769 700 2847 equitis
722 2770 846 2828 vulnere
868 2791 945 2847 equo
966 2772 1127 2842 retardato,

132 2848 317 2907 moribundus
336 2849 498 2917 Romanus,
532 2850 701 2909 labentibus
723 2870 812 2929 super
833 2871 938 2928 corpus
959 2854 1057 2920 armis,
1089 2855 1125 2912 od

132 2943 232 2989 renam
262 2926 398 2986 defluxit.
447 2928 582 2988 Dictator
603 2930 784 2998 Postumius,
804 2939 961 3010 postquam
983 2931 1127 2993 cecidisse

132 3008 212 3068 talem
248 3006 355 3075 virum,
376 3008 494 3066 exsules
514 3007 655 3067 ferociter
677 3009 767 3068 citato
788 3011 904 3090 agurius
926 3011 1034 3081 invobi,
1057 3033 1125 3072 suos
1208 3025 1209 3034 ¹

132 3089 275 3164 perculsos
298 3086 405 3148 cedere
426 3087 657 3158 animadvertit3
680 3088 792 3147 cohorti
814 3110 886 3157 suae,
907 3111 997 3168 quam
1024 3093 1124 3152 ‹teleo-

132 3177 183 3226 tam
205 3187 326 3228 manum
348 3166 485 3247 presidii
506 3173 598 3228 causi
619 3168 700 3227 circa
720 3188 752 3228 se
772 3169 906 3239 habebat,
927 3169 980 3228 dat
1001 3172 1125 3251 signum,

132 3261 265 3326 atquem
280 3267 399 3306 suorum
414 3245 578 3327 fugientem
592 3247 733 3317 viderint,
747 3269 800 3340 pro
814 3249 897 3308 hoste
911 3243 1038 3310 habeant
1053 3274 1061 3321 ;
1083 3253 1124 3313 ita

131 3338 202 3386 notu
224 3327 291 3388 anci
313 3327 348 3386 iti
369 3326 447 3386 versi
469 3331 484 3385 a
506 3327 581 3408 iuga
597 3327 725 3388 Romani
745 3349 777 3387 rn
797 3329 921 3397 hostem,
935 3337 965 3390 et
987 3333 1125 3393 restituta

130 3408 211 3466 aries.
250 3349 361 3466 Coiors
389 3406 543 3467 dictatoris
557 3414 620 3467 tum
635 3408 762 3489 primum
777 3410 916 3489 proelium
936 3410 1025 3482 iuii2;
1047 3413 1125 3472 inte-

133 3487 184 3563 gris
199 3486 367 3565 corporibus
381 3488 548 3566 animisque
562 3489 656 3548 fessos
667 3489 763 3549 adorti
776 3490 894 3548 exsules
906 3493 1036 3551 creduut.
1080 3494 1125 3551 lbi

133 3567 183 3625 dia
202 3566 283 3625 inter
302 3587 438 3646 proceres
460 3577 562 3628 coorta
581 3589 691 3650 pugna.
732 3565 895 3649 imperatur
917 3569 1053 3639 Latinus
1076 3572 1124 3632 ubi

133 3646 272 3705 cohortem
294 3647 428 3708 exsulum
451 3649 466 3706 ci
489 3647 635 3709 dictatore
658 3651 791 3710 Romano
825 3671 916 3731 prope
938 3651 1123 3722 circumven-

133 3731 185 3783 tam
198 3726 281 3795 vidit,
296 3746 335 3788 ex
349 3728 530 3788 subsidiariis
542 3730 706 3809 manipulos
721 3730 835 3808 aliquot
849 3731 880 3790 in
891 3733 1015 3812 primam
1027 3731 1122 3792 aciem

134 3822 225 3866 secum
242 3806 342 3888 rapit:
375 3808 427 3870 bos
439 3803 557 3948 agqqiue
578 3813 732 3874 venientes
753 3812 791 3870 T.
812 3811 986 3874 Herminius
1007 3810 1122 3894 legatus
