2634 4392
160 297 201 355 or·
470 321 477 325 »
574 296 612 359 r.
625 297 734 388 nrvn

158 455 293 537 pendet?
325 455 439 517 adeone
449 461 498 518 est
508 457 634 519 tundata
648 458 755 520 leviter
767 458 852 529 lldea,
864 464 909 530 ut,
921 462 972 522 ubi
986 463 1051 532 sim,
1066 465 1160 544 quiin

159 535 212 614 qui
219 537 282 604 sim,
288 536 382 616 magis
393 537 526 597 referat?
546 538 617 599 Non
630 541 788 599 obstabunt
802 541 836 599 P.
845 541 958 602 Valerii
973 541 1054 603 ardes
1066 545 1160 604 liber·

158 615 214 676 tati
226 613 507 689 ves'trae,Quirites;
528 625 592 678 tuta
602 618 754 679 erit-vobis
764 619 860 680 Velia.
901 622 1039 683 Deleram
1055 643 1115 682 non
1125 625 1160 684 in

156 695 279 776 planum
292 697 382 755 modi>
396 697 487 770 aedes,
498 697 551 757 sed
560 699 637 758 colli
650 699 741 760 etiam
756 699 931 770 sub'iciam3
951 711 986 762 ut
999 723 1051 762 vos
1065 719 1160 784 supra

157 782 328 855 suspectum
341 796 390 835 mc
403 776 498 836 civem
515 777 662 838 habitetis.
716 781 752 839 In
766 721 853 840 Velio
875 781 1035 852 aedificent,
1048 785 1159 862 quibus

155 855 274 939 melida,
285 876 376 936 qnam
390 856 425 914 Ρ.
438 857 568 927 Valerio,
579 858 711 918 creditur
724 859 878 920 libertas.'’
919 861 1026 922 Deleta
1039 863 1158 924 confes·

155 933 210 994 tim
225 935 347 1013 materia
358 935 455 996 omnis
468 935 546 998 infra
560 937 696 1010 Veliam
717 946 757 1008 et,
770 938 820 1000 ubi
833 960 914 1002 nunc
924 941 1085 1024 Vicaepotae
1097 948 1156 1014 eat,
1226 985 1227 988 =

155 1013 263 1075 domus
275 1016 307 1075 in
317 1015 419 1076 intimo
432 1015 511 1076 clivo
523 1016 696 1084 aedificata..
1031 1025 1037 1032 '
1065 1019 1070 1026 ’

195 1095 284 1154 vul.
305 1096 391 1156 Latae
407 1096 516 1157 deinde
529 1096 620 1178 leges,
634 1119 693 1158 non
708 1099 804 1160 solnm
816 1119 884 1178 quea
890 1102 980 1181 regni
987 1102 1157 1182 suspicione

155 1176 311 1235 consulem
331 1177 528 1246 absolverent,
543 1179 595 1238 sed
623 1198 692 1256 quae
715 1179 790 1238 adeo
811 1178 842 1238 in
857 1181 1036 1241 contrarium
1057 1197 1159 1244 verte·
1224 1179 1227 1236 ,¹

153 1261 232 1322 rent,
246 1262 281 1313 ut
292 1255 464 1336 popularem
478 1256 567 1318 etiam
587 1257 742 1328 facerent3
774 1258 845 1317 inde
867 1279 1027 1340 cognomen
1042 1261 1158 1322 factum
1224 1273 1225 1280 ’

152 1331 317 1396 Publicolae
331 1343 400 1405 est;
440 1343 510 1398 ante
533 1356 636 1398 ornnes
655 1337 695 1398 de
707 1338 916 1418 provocatione
930 1341 1073 1401 adversus
1090 1363 1156 1404 ma·
1224 1389 1225 1398 ,

152 1411 296 1494 gistratue
315 1415 354 1475 ad
375 1418 526 1496 populum,
549 1416 844 1496 sacrandoquecum
857 1419 942 1479 bonis
963 1419 1059 1499 capite
1080 1423 1157 1500 ejus,

174 1493 206 1550 ui
226 1494 309 1576 regni
322 1495 489 1575 occupandi
510 1497 635 1557 consilia
654 1495 771 1566 inisset,
784 1506 878 1579 gratae
899 1499 931 1558 in
952 1500 1084 1580 vulgusl
1124 1520 1157 1562 es

150 1513 246 1632 gnere.
299 1574 381 1647 Quas
401 1595 492 1654 quum
513 1576 594 1636 solus
614 1578 796 1657 pertulisset,
816 1584 924 1654 utsna
944 1579 1033 1638 unius
1054 1579 1086 1640 in
1129 1580 1156 1642 's
1226 1613 1227 1648 r

187 1653 248 1715 atia
267 1661 367 1725 essct3
386 1660 451 1714 tum
472 1656 581 1718 deinde
602 1655 721 1717 comitia
742 1658 864 1739 collegae
886 1659 1071 1740 subrogando
1101 1659 1157 1723 ha·
1226 1693 1227 1696 ¹

148 1672 225 1792 dixit
264 1734 393 1795 creatus
414 1737 465 1817 Sp.
477 1737 638 1798 Lucretius
659 1737 784 1806 Consul,
798 1737 849 1818 qui
863 1757 970 1820 magno
989 1744 1072 1808 natu,
1093 1757 1156 1802 non

148 1812 367 1874 sufficientibus
377 1816 440 1894 jam
454 1816 567 1876 viribus
580 1817 618 1876 ad
632 1817 799 1877 consularia
812 1837 935 1877 munera
949 1819 1095 1888 obeunda,
1107 1819 1157 1880 in-

149 1897 198 1952 tra
217 1913 328 1972 paucos
348 1895 414 1953 dies
434 1897 568 1954 moritur.
609 1896 759 1953 Suffectus
780 1896 811 1952 in
833 1897 967 1955 Lucretii
986 1898 1086 1957 locum
1107 1900 1156 1959 M.

149 1970 294 2032 Horatius
315 1972 471 2032 Pulvillus.
522 1973 613 2050 Apud
633 1973 779 2050 quosdam
799 1979 916 2033 veteres
934 1982 1073 2036 auctores
1095 1997 1157 2040 non

148 2050 271 2111 invenio
292 2051 466 2111 Lucretium
487 2051 659 2110 consulemz
681 2051 776 2110 Bruto
797 2051 896 2112 statim
911 2053 1069 2115 Horatium
1084 2075 1155 2139 suga

149 2138 274 2212 gerunt:
295 2131 395 2200 credo,
404 2130 476 2210 quia
489 2130 572 2191 nulla
585 2137 670 2212 gesta
685 2149 737 2190 res
750 2130 896 2212 insignem
919 2131 1025 2194 fecerit
1045 2155 1155 2216 consu·

148 2212 254 2280 latum,
269 2211 409 2272 memoria
423 2210 621 2290 intercidisse.
661 2211 803 2272 Nondum
818 2211 958 2273 dedicate
971 2220 1034 2274 erat
1046 2214 1077 2274 in
1093 2215 1154 2275 Ca·
1226 2227 1227 2296 i

150 2290 256 2372 pitolio
272 2291 355 2351 lovis
371 2291 463 2352 aedes.
503 2291 641 2352 Valerius
664 2290 808 2352 Horatius
850 2294 1025 2352 econsules
1046 2294 1154 2364 sortiti,
1226 2299 1227 2340 l

149 2380 218 2431 uter
231 2370 395 2432 dedicaret.
435 2371 562 2430 Horatio
576 2378 655 2431 sorte
669 2369 778 2431 evenit.
844 2369 973 2430 ublicola
986 2371 1024 2431 ad
1040 2373 1153 2453 Vejen·

148 2451 224 2512 tium
239 2451 350 2513 bellum
370 2449 530 2529 profectus.
576 2449 712 2531 AEgrirls,
726 2450 818 2528 quim
831 2449 953 2541 dignum
962 2457 1040 2519 erat,
1053 2453 1152 2514 tulere

149 2529 263 2590 Valerii
277 2529 449 2598 necessarii,
462 2529 682 2590 dedicationem
702 2536 765 2590 tam
777 2529 885 2612 inclyti
905 2531 1011 2611 templi
1025 2532 1153 2592 Horatio

149 2610 216 2670 dari
227 2630 237 2680 ;
257 2609 289 2668 id
303 2609 438 2669 omnibus
451 2609 547 2670 modis
559 2609 704 2691 impedire
716 2609 989 2702 conatipostquam
1002 2611 1061 2671 alia
1072 2611 1152 2672 frus-

148 2696 198 2750 tra
212 2696 327 2750 tentata
340 2695 435 2758 erant,
448 2695 564 2769 portem
585 2691 650 2769 jam
671 2690 787 2748 tenenti
808 2689 923 2749 consuli
943 2691 1059 2751 foedum
1073 2689 1152 2752 inter

169 2767 347 2830 recationem
364 2769 462 2827 Deum
474 2768 618 2828 nuncium
631 2768 803 2839 incutiunt;
829 2781 847 2806 “
857 2773 1007 2830 mortuum
1031 2773 1097 2851 ejus
1114 2772 1149 2832 fi·-

100 2854 102 2857 ’
146 2789 223 2909 lium
245 2867 321 2917 esse,
339 2847 521 2940 funestdque
541 2848 654 2909 familia
676 2849 816 2908 dedicare
837 2869 905 2908 eum
924 2849 1069 2931 templum
1091 2870 1151 2910 non

189 2930 268 2988 sse.”
309 2927 380 2988 Non
405 2928 566 2990 credrderit
585 2928 708 2999 factum,
723 2949 762 2988 an
783 2935 900 2990 tantum
920 2930 1020 2991 animo
1039 2929 1151 2991 roboris

135 3036 137 3040 ·
162 3009 248 3078 uenit,
262 3028 318 3068 nec
331 3007 461 3068 traditor
470 3016 661 3078 certamnen
671 3008 877 3090 interpretatio
888 3015 934 3070 est
947 3009 1053 3070 facilis.
1094 3009 1153 3070 Nn

133 3161 136 3165 1
148 3089 191 3150 hil
205 3089 285 3150 aliud
301 3089 339 3149 ad
353 3109 420 3150 eum
435 3089 579 3150 nuncium
594 3091 611 3149 al
624 3088 774 3171 proposito
787 3109 918 3156 aversus,
942 3108 1030 3166 quam
1044 3095 1080 3148 ut
1101 3107 1151 3150 ca·

150 3169 243 3247 daver
262 3169 359 3229 efferri
375 3172 504 3250 juberet,
530 3178 638 3230 tenens
657 3175 781 3248 postem,
805 3166 1004 3246 precationem
1028 3169 1151 3260 peragit,

148 3255 182 3310 et
194 3246 314 3319 dedicat
326 3251 479 3330 templum.
533 3251 611 3309 Haec
622 3253 688 3328 post
696 3253 816 3308 exactos
831 3265 915 3327 reges
929 3245 1009 3306 domi
1018 3247 1151 3310 militroe·

149 3348 209 3420 que
222 3337 306 3409 gesta
319 3329 414 3466 primo
427 3348 515 3388 anno.
554 3328 631 3388 Inde
644 3327 678 3387 P.
692 3326 831 3386 Valerius
844 3325 962 3396 iterum,
983 3327 1021 3385 Τ.
1035 3327 1149 3390 Lucre·

149 3415 211 3470 trus
232 3428 322 3468 consu
337 3429 369 3468 es
383 3409 464 3468 facti.
1111 3459 1114 3468 .

191 3489 245 3548 IX.
264 3489 331 3547 Jam
352 3487 510 3567 Tarquinii
528 3489 569 3548 ad
583 3488 708 3548 Lartem
731 3487 903 3554 Porsenam,
924 3485 1082 3548 Clusinum
1102 3506 1148 3547 re·

151 3589 227 3651 gem,
241 3566 430 3648 perfugerant
441 3589 450 3638 3
462 3568 521 3638 ibi,
534 3567 687 3628 miscendo
702 3565 856 3627 consilium
877 3585 1051 3647 precesque,
1071 3587 1151 3657 nunc

150 3651 282 3718 orabant,
302 3659 369 3706 “ne
393 3666 434 3716 se,
458 3647 598 3708 oriundos
615 3668 655 3706 ex
676 3646 821 3716 Etruscis,
842 3646 976 3725 ejusdem
998 3647 1149 3724 sanguinis

149 3726 346 3806 nominisque,
372 3733 494 3818 egentes
514 3729 651 3788 exsulare
674 3733 823 3806 pateretur
834 3728 866 3785 :⁹⁹
888 3746 968 3789 nuno
988 3725 1148 3786 monebant

150 3805 251 3878 otiam,
276 3818 294 3845 “
304 3826 345 3870 na
356 3811 502 3868 errantem
512 3826 627 3868 morem
637 3805 771 3889 pellendi
783 3825 868 3888 reges
885 3805 1013 3870 inultum
1027 3803 1149 3868 sineret.
