2634 4392
539 262 741 401 manain.
853 338 883 349 ..
1095 292 1155 365 rot

155 450 293 515 eonsules
305 451 403 513 adorti
412 452 535 516 essent?
555 454 707 518 nonenim
719 474 835 536 semper
846 454 985 517 Valerios
995 452 1151 523 Horatios·

177 554 212 593 ue
226 534 363 595 consules
376 531 450 602 iore,
463 533 516 612 qui
528 534 659 595 libertati
670 535 764 616 plebis
777 554 846 594 suas
855 554 924 615 opes
935 536 1150 616 postferrent.’'

155 552 383 692 ione-quadarn
397 612 464 672 utili
484 614 522 673 ad
536 621 663 695 ternpus,
687 622 722 674 ut
736 614 862 675 comitiis
880 623 1033 707 praeesset,
1055 618 1150 699 potis·

154 693 260 753 simum
273 692 320 753 M.
336 692 436 753 Duilio
445 692 520 753 forte
534 695 643 763 evenit,
665 693 729 755 viro
750 694 908 778 prudenti,
919 702 950 755 et
962 714 1000 757 ex
1013 698 1156 759 continu·-

153 773 250 833 atione
275 773 465 853 magistratus
492 772 634 833 invidiam
662 772 867 835 imminentem
897 776 1056 847 cernenti;
1096 779 1150 857 qui
1215 834 1216 847 ,

153 871 243 931 quum
258 871 295 911 ex
308 852 457 913 veteribus
470 852 597 913 tribunis
609 860 732 933 *negaret
752 849 843 913 ullius
865 872 896 911 se
911 852 1054 915 tationem
1068 855 1151 919 tuni·

152 935 261 1001 turum,
282 941 508 1013 pugnarentque
525 933 663 1013 collegae,
685 938 719 993 ut
740 930 847 991 liberas
860 931 954 991 tribus
968 933 1000 995 in
1014 934 1150 1028 suffragi·
1215 1012 1216 1019 ἵ

152 1031 200 1071 nm
223 1012 369 1080 mitteret,
394 1017 448 1071 aut
474 1012 652 1072 concederet
678 1010 783 1072 fortem
811 1011 995 1073 comitiorum
1017 1015 1150 1096 collegis,

151 1090 322 1153 habituris&
336 1090 401 1173 lege
415 1090 514 1171 potius
527 1091 658 1159 comitia,
671 1092 761 1171 quim
783 1103 821 1151 ex
835 1091 987 1152 voluntate
1006 1091 1151 1167 Patrum;
1215 1096 1216 1115 ³

150 1170 263 1252 injecta
286 1170 486 1239 contentione,
507 1170 638 1240 Duilius,
661 1170 798 1231 consules
822 1171 858 1229 ad
875 1172 1017 1233 subsellia
1037 1172 1150 1235 accitos

151 1266 245 1329 quum
257 1251 477 1331 interrogasset,
501 1250 627 1329 quidde
641 1250 768 1311 comitiis
789 1250 993 1311 consularibus
1003 1250 1037 1310 in
1051 1253 1150 1315 animo

149 1330 301 1398 haberent,
338 1327 619 1409 respondissentque
645 1348 679 1389 se
703 1350 795 1389 novos
822 1330 963 1391 crmsules
989 1337 1151 1404 creaturos,

148 1417 288 1469 auctores
301 1409 448 1488 populeris
463 1410 619 1468 sententiae
634 1408 715 1467 haud
731 1410 886 1489 populares
901 1416 1017 1479 nactus,
1036 1411 1067 1470 in
1079 1432 1149 1471 con·

149 1484 269 1548 cionem
296 1506 362 1547 num
382 1488 418 1547 iis
443 1488 619 1569 processit.-
642 1487 700 1547 Ubi
724 1506 815 1567 quum
841 1490 987 1559 consules,
1011 1489 1149 1571 producti

147 1567 184 1628 ad
209 1567 359 1659 populum,
381 1566 625 1646 interroeatique,
648 1566 675 1625 si
696 1586 747 1627 eos
760 1569 886 1648 populus
903 1568 1062 1640 Romanus,
1087 1590 1148 1631 me·

149 1666 214 1707 mor
235 1645 380 1721 libertatis
402 1668 455 1726 per
474 1614 543 1705 ullos
563 1654 692 1727 receptae
715 1646 805 1715 domi,
832 1667 941 1707 memor
962 1648 1078 1709 militiae
1100 1671 1147 1710 re·

146 1744 276 1804 rumque
289 1733 449 1819 gestarum,
464 1725 608 1784 consules
616 1726 724 1785 iterum
738 1726 860 1794 fuceret,
884 1726 1026 1804 quidnam
1039 1726 1150 1791 facturi

150 1812 261 1875 essent,
275 1804 347 1864 nrlril
363 1803 520 1864 sententiae
539 1822 603 1865 suae
617 1810 806 1874 muttssent3
827 1805 1002 1867 collaudatis
1017 1808 1149 1869 consuli·

149 1884 213 1954 bus,
235 1885 316 1963 quod
331 1883 554 1965 perseverarent
574 1884 612 1943 ad
626 1882 764 1945 ultimum
785 1882 945 1944 dissimiles
966 1886 1150 1951 decemuiro·

148 1982 305 2033 ramesse,
326 1963 444 2025 comitia
457 1963 579 2024 habuit:
600 1971 639 2034 et,
662 1962 796 2043 quinque
817 1963 945 2027 tribunis
958 1966 1052 2045 plebis
1067 1988 1150 2028 crea·

148 2042 197 2113 tis,
226 2062 319 2121 quum
331 2063 393 2123 prae
407 2044 514 2103 studiis
534 2045 635 2123 aperte
648 2043 815 2123 petentium
836 2062 941 2103 nomm
963 2046 1151 2109 tribunorum

146 2120 201 2180 alii
217 2120 370 2181 candidati
383 2122 476 2181 tribus
498 2143 556 2182 non
570 2120 735 2203 explerent,
757 2122 916 2183 concilium
937 2123 1071 2195 dimisit;
1091 2146 1148 2187 uec

148 2198 262 2260 deinde
287 2199 470 2263 comitiorum
484 2207 574 2261 cansa
594 2201 706 2263 habuit.
747 2200 938 2269 Satislactnm
963 2204 1023 2285 legi
1043 2205 1149 2277 aiebat,

148 2298 226 2358 quse,
252 2289 374 2341 numero
394 2300 539 2359 nusquam
559 2281 708 2361 proelinito
729 2282 865 2351 tribunis,
888 2280 977 2342 modu
1000 2290 1034 2345 ut
1055 2285 1147 2344 relin-

149 2367 321 2437 querentur,
348 2360 498 2431 sanciret;
518 2368 551 2421 et
569 2363 606 2420 ab
625 2360 674 2431 iis,
700 2362 752 2441 qni
767 2362 860 2423 creati
881 2368 991 2433 esseut,
1015 2363 1148 2445 cooptari

150 2439 280 2519 collegas
296 2440 424 2517 juberet.
466 2439 682 2521 Recitabatque
703 2441 861 2523 rogationis
875 2460 1005 2512 carmen,
1025 2442 1057 2501 in
1077 2462 1148 2523 qun,

149 2517 209 2577 “Si
225 2518 359 2577 tribunos
380 2518 478 2599 plebei
489 2520 593 2579 decem
608 2524 724 2601 rogabo,
752 2522 843 2601 siqui
868 2540 921 2581 vos
941 2521 1040 2583 minus
1060 2521 1147 2584 hodie

149 2596 254 2659 decem
267 2597 401 2657 tribunos
414 2598 510 2678 plebei
529 2599 681 2659 feceritis:
702 2600 731 2659 hi
745 2606 809 2661 tum
823 2601 877 2670 uti,
899 2621 974 2681 quos
988 2601 1042 2662 sibi
1056 2603 1148 2662 colle·

149 2694 199 2755 gns
218 2677 414 2756 cooptassint,
440 2683 475 2736 ut
493 2677 539 2740 illi
561 2678 571 2737 l
610 2678 686 2739 itimi
706 2680 811 2739 eidem
833 2680 899 2761 lege
920 2680 1028 2740 tribuni
1050 2680 1149 2761 plebei

151 2758 216 2825 sint,
238 2764 273 2815 ut
287 2756 341 2825 illi,
363 2776 439 2834 qnos
452 2757 540 2817 hodie
552 2698 688 2838 ιῖξῐῇιιιιοέ
702 2758 797 2837 plebei
810 2760 974 2817 feceritis.”
1017 2758 1147 2833 Duilius,
1216 2808 1217 2813 η

150 2855 239 2913 quum
264 2835 303 2896 ad
327 2834 465 2895 ultimum
484 2844 716 2916 perseverisset,
738 2834 874 2917 negando
900 2836 1070 2915 quindecim
1092 2841 1148 2900 tri-

150 2914 242 2976 bunos
264 2914 361 2995 plebei
374 2914 586 2994 rempublicam
607 2916 716 2975 habere
736 2934 833 2995 posse,
859 2916 940 2975 vieta
964 2916 1146 2999 collegarum

152 2995 324 3075 cupiditate,
350 2993 461 3075 pariter
481 2992 617 3053 Patribus
635 2992 774 3076 plebique
794 3000 947 3077 acceptus,
971 2999 1148 3079 magistratu

151 3074 228 3136 abiit.
930 3090 943 3109 ⁸
1074 3094 1077 3101 ·

191 3154 285 3214 LXV.
305 3152 387 3213 Novi
407 3150 517 3214 tribuni
558 3151 633 3213 labis
646 3152 679 3213 in
693 3150 864 3235 cooptandis
880 3151 1004 3235 collegis,
1023 3152 1147 3219 Patrunr

149 3232 331 3293 voluntatem
351 3233 512 3305 foverunt3
532 3172 607 3293 pum
633 3231 723 3293 etiam
746 3230 885 3313 patricios
907 3234 1147 3315 consularesque,

152 3311 202 3390 sp.
216 3312 377 3391 Tarpeium
399 3320 430 3372 et
444 3316 483 3371 Α.
497 3313 642 3382 Aterium,
657 3320 842 3393 coeptavere.
863 3344 865 3349 ·
883 3313 1029 3373 eonsules
1041 3315 1144 3386 creati,

151 3388 221 3450 Lar.
239 3391 417 3470 Herminius,
441 3392 487 3454 Tr
499 3392 650 3484 Virginius
665 3390 913 3463 Caelimontanus,
937 3392 1008 3456 nihil
1023 3414 1145 3474 magno-

189 3491 220 3530 re
235 3470 272 3531 ad
288 3473 408 3533 Petrum
429 3480 481 3532 aut
495 3471 589 3552 plebis
603 3491 722 3533 causum
737 3472 883 3542 inclinati,
907 3473 999 3532 otium
1014 3472 1093 3535 dumi
1108 3490 1146 3533 aa

153 3488 222 3611 iniria
234 3550 371 3611 habuere.
410 3551 446 3611 1,
460 3552 627 3611 Trebonius
650 3552 787 3612 tribunus
810 3550 916 3633 plebis,
937 3552 1065 3625 infestus
1086 3553 1145 3615 Pa·

153 3629 253 3701 tribus,
277 3631 358 3710 qnod
372 3648 405 3690 se
416 3634 455 3691 ab
465 3631 504 3693 iis
516 3630 548 3690 in
569 3630 744 3713 cooptandis
757 3630 883 3691 tribunis
897 3631 1002 3693 fraude
1013 3636 1145 3722 captum,

174 3710 298 3771 ruditum
322 3711 339 3771 i
359 3710 488 3803 collegis,
512 3710 616 3780 nnbat,
640 3711 818 3791 rogationem
833 3711 912 3780 tulit,
936 3723 953 3749 ⁸⁶
965 3720 1000 3771 ut
1013 3728 1064 3789 qm
1079 3710 1143 3791 ple-

152 3725 217 3855 gem
240 3790 404 3851 Romami
415 3793 550 3852 tribunos
563 3790 640 3871 plebi
654 3798 779 3873 rogaret,
802 3790 829 3850 is
851 3791 1003 3867 usquead
1069 3796 1135 3851 aret

155 3867 221 3933 ium
233 3872 338 3935 decen
351 3868 487 3936 tribunos
504 3870 584 3957 plebi
605 3870 761 3945 {acereta
782 3868 1026 3951 insectandisque
1071 3834 1144 3937 arrd
