2634 4392
144 297 193 396 uo
563 286 603 356 r.
616 283 725 356 utun

148 457 251 516 arnboa
263 420 360 515 claros
380 471 488 538 genere
507 453 667 536 factisque.
720 453 798 516 (lum
811 453 857 519 liis
877 455 1003 538 primum
1022 454 1156 538 periculi

145 537 318 617 procellam,
331 543 362 597 et
376 538 455 614 quod
476 533 773 598 tumultuosissimum
801 555 908 618 puguae
935 543 1010 606 erat,
1030 536 1156 616 parumn

91 686 92 689 Ἴ
146 635 202 696 per
215 615 374 687 sustinnitu
395 616 506 677 deinde
525 637 576 677 eos
596 637 714 697 qunque
727 615 818 699 ipsos,
832 616 937 698 erigut
953 623 1041 698 parte
1052 617 1156 698 pontis

146 697 263 764 relicti,
276 697 495 766 revocantibus,
507 697 560 776 qui
572 697 790 766 rescindebant,
804 698 913 758 cedere
923 696 955 756 iu
968 705 1067 758 tutum
1081 705 1155 757 cob-

168 776 200 836 't
241 776 462 838 Circumferens
476 778 547 838 inde
559 786 663 838 truces
675 777 831 838 minaciter
845 777 947 838 oculos
961 775 1004 838 ud.
1012 797 1155 859 proceres

175 864 353 927 tusscorum,
372 875 453 937 nuuc
475 857 607 940 singulos
627 876 796 939 provocare,
816 877 898 918 nunc
911 857 1065 940 increpare
1086 878 1154 917 om·

91 992 93 997 .
146 953 211 1005 nes,
244 937 401 1001 “Servitia
427 958 531 1020 regum
562 943 763 1020 superbonum,
798 959 858 999 sum
879 938 1025 1000 libertatis
1045 938 1156 998 imme-

145 1033 254 1087 mores,
266 1016 393 1078 alienum
406 1026 606 1100 oppugnatum
626 1019 762 1080 venire.”
803 1019 946 1080 cunctati
967 1017 1155 1100 aliquamdiu

147 1104 228 1167 sunt,
248 1098 320 1158 dum
341 1099 418 1158 alius
439 1099 540 1168 alium,
560 1107 595 1158 ut
615 1099 754 1180 proelium
775 1093 929 1179 incipiunt,
950 1099 1078 1160 circumc
1141 1133 1154 1145 ·

145 1182 234 1248 tant3
262 1179 358 1259 pudor
377 1179 487 1240 deinde
508 1180 669 1240 commovit
688 1181 792 1248 eciem,
812 1184 852 1248 et,
873 1180 1003 1240 clamore
1025 1183 1079 1242 sub
1091 1187 1154 1250 ato,

144 1259 281 1337 nudique
292 1259 325 1318 in
337 1278 430 1320 unum
443 1259 557 1320 hostem
571 1261 633 1319 tela
646 1259 821 1339 conjiciunt.
861 1259 936 1334 Quae
952 1279 1045 1340 quum
1056 1259 1088 1320 in
1099 1262 1154 1320 ob·

142 1340 226 1418 jecto
247 1347 357 1398 cuncta
383 1346 470 1400 scuto
490 1339 656 1409 haesissent,
676 1359 775 1418 neque
795 1339 847 1400 ills
861 1339 961 1399 minus
982 1339 1152 1400 obstinatus

145 1418 261 1499 ingenti
275 1426 393 1498 pontem
414 1420 561 1480 obtineret
574 1421 678 1502 gradu,
694 1422 757 1500 jam
772 1419 884 1500 impetu
900 1423 1083 1480 sonabantur
1097 1420 1153 1480 de·

145 1499 268 1558 undere
282 1499 397 1569 vitum3
427 1520 520 1579 quum
534 1500 666 1561 simulfr
704 1517 736 1560 or
756 1500 835 1579 rupti
849 1499 957 1580 pontis,
979 1499 1067 1560 simul
1089 1500 1153 1560 cla·

146 1596 211 1639 mor
225 1580 434 1648 Romanorum,
452 1580 608 1641 alacritate
622 1601 660 1661 pe
690 1580 749 1640 eeti
763 1581 858 1660 operis
883 1581 1025 1649 sublatus,
1039 1599 1154 1660 pavore

147 1659 243 1718 subito
256 1657 401 1738 impetum
413 1660 566 1720 sustinuit.
605 1661 686 1720 Tum
708 1661 827 1729 Cocles,
839 1673 856 1698 “
868 1659 1011 1720 Tiberine
1030 1662 1153 1740 pater‚”

146 1737 254 1817 inquit,
266 1751 284 1776 “
293 1748 324 1819 te
337 1747 442 1801 sancte
462 1761 576 1822 precor,
588 1741 655 1801 haec
677 1761 760 1802 arms
773 1749 804 1802 et
817 1741 896 1800 hunc
914 1739 1037 1800 militem
1051 1739 1153 1834 propi·

146 1817 189 1897 tio
203 1817 325 1880 flumine
338 1820 500 1900 accipias.''
554 1823 601 1882 lta
614 1821 657 1881 sic
672 1828 803 1880 armatus
816 1821 848 1880 in
862 1820 994 1880 Tiberim
1008 1819 1154 1892 desilu1t;

98 1944 104 1954 .
146 1893 308 1979 multisque
322 1901 625 2037 superincidentibus
637 1899 706 1959 telis
715 1897 920 1960 ineolumis'ad
930 1917 999 1957 suos
1011 1901 1154 1970 tranavit,

147 1998 211 2039 rem
237 1998 409 2060 aususpus
436 1980 523 2039 lamae
538 1979 703 2040 habituram
730 1979 769 2040 ad
789 1989 930 2059 posteros,
957 1980 1048 2058 quulm
1070 1979 1154 2040 fidei.

148 2059 243 2127 Grata
262 2077 333 2140 erga
352 2066 466 2120 tantam
486 2057 627 2120 virtutem
648 2059 754 2120 civitas
776 2058 853 2130 fuit3
886 2066 987 2120 status
1006 2058 1037 2118 in
1059 2060 1153 2121 corui-

147 2137 190 2198 tio
210 2138 314 2218 posita,
340 2140 403 2219 agri
437 2147 582 2220 quantum
615 2159 675 2201 uno
702 2140 751 2198 die
785 2139 1004 2208 circumaravit,
1037 2138 1153 2201 datura.

148 2217 271 2291 Privata
290 2239 409 2299 quoque
429 2220 507 2280 iuter
533 2220 668 2302 publicos
688 2217 815 2280 honores
836 2219 937 2278 studia
957 2219 1152 2290 eminebant;

150 2319 220 2358 narn
240 2298 271 2358 in
292 2295 400 2380 maguis
420 2299 519 2380 inopia
539 2322 592 2381 pro
605 2299 778 2360 domesticis
798 2298 890 2378 copiis
906 2299 1111 2378 unusquisque
1124 2299 1153 2360 ei

149 2378 274 2458 aliquid,
286 2379 429 2440 fraudans
443 2380 552 2458 seipse
563 2380 646 2439 victu
661 2399 723 2451 suo,
738 2379 873 2440 contulit.

189 2460 245 2518 xl.
265 2459 404 2527 Porsena,
423 2459 519 2537 pn'mo
539 2466 645 2518 conatu
667 2460 814 2540 repulsus,
835 2457 968 2518 consiliis
981 2460 1018 2518 ab
1038 2479 1151 2596 oppug-

145 2539 250 2598 nanda
263 2541 334 2600 urbe
348 2539 387 2598 ad
398 2536 595 2596 obsidendum
614 2539 718 2610 versis,
739 2533 879 2620 praesidio
899 2538 941 2599 in
952 2539 968 2599 J
972 2539 1059 2599 nnicu
1072 2560 1090 2598 o
1104 2538 1150 2600 lo·

151 2626 227 2687 coto,
241 2617 348 2698 ipsein
376 2617 463 2698 plano
483 2616 507 2675 ri
529 2615 614 2696 isque
637 2619 757 2680 Tiberis
778 2625 875 2682 castra
942 2619 1005 2690 uit3
1025 2617 1171 2678 neribus.

150 2697 285 2776 undique
306 2696 422 2766 necitis,
433 2702 466 2756 et
546 2699 720 2768 custodiam,
733 2699 856 2778 nequid
908 2719 1004 2759 ornem
1018 2699 1150 2758 frumen-

151 2776 312 2837 tisubuehi
325 2777 446 2844 sineret,
460 2784 492 2836 et
503 2783 538 2835 ut
571 2775 718 2836 raedatum
738 2778 847 2838 milites
867 2785 950 2839 trans
971 2777 1083 2838 flumen
1117 2799 1150 2839 er

153 2849 323 2917 occasiones
345 2856 412 2916 aliis
432 2863 536 2935 atqus'
573 2853 609 2914 ‘is
629 2853 703 2914 locis
722 2861 752 2914 tr
771 2857 895 2930 ’iterem
913 2857 1055 2938 brevique
1075 2800 1152 2918 aion

153 2937 292 2997 infestum
305 2956 421 3012 omnem
432 2937 599 2996 Romanum
608 2953 712 3015 agrum
725 2874 868 3006 reurididit,
876 2945 911 2996 ut
923 2958 984 2998 non
993 2943 1092 2998 cetere
1103 2957 1150 2997 so·

154 3018 217 3077 lum
231 3037 268 3078 ex
281 3016 368 3099 agris,
381 3017 434 3077 sed
460 3035 552 3096 pecus
566 3035 686 3094 quoque
698 3033 785 3086 omno
798 3013 830 3074 iu
843 3019 945 3076 urbem
959 3017 1151 3095 compellere·

154 3104 213 3166 tur,
227 3118 324 3177 neque
338 3096 495 3176 quisquam
509 3101 594 3156 extra
619 3101 720 3176 portas
734 3095 897 3175 propellere
911 3095 1042 3153 auderet.
1084 3097 1152 3156 Hoc

154 3182 271 3236 tanturn
285 3177 416 3238 licentiae
431 3176 578 3245 Etruscis,
597 3195 657 3237 uon
678 3181 758 3236 metu
780 3173 883 3252 magis,
903 3192 992 3252 quem
1013 3175 1151 3247 concilio,

157 3254 352 3328 concessum
372 3274 501 3336 nemque
521 3255 660 3316 Valerius
680 3253 795 3322 consul,
815 3251 948 3312 intentus
967 3253 999 3312 in
1020 3256 1152 3316 occasio·

156 3354 225 3394 nem
238 3336 348 3397 multos
367 3337 456 3398 simul
477 3342 509 3396 et
520 3335 629 3396 effusos
641 3331 802 3416 mproviso
822 3331 988 3402 adoriundi,
1001 3333 1032 3392 in
1053 3337 1153 3415 parvis

156 3417 245 3476 rebus
258 3416 410 3498 negligens
429 3417 517 3484 ultor,
531 3435 650 3495 gravem
665 3433 698 3473 se
711 3413 749 3473 ad
763 3415 875 3474 me'ora
887 3410 1036 3472 vindicem
1051 3435 1151 3477 servs·

157 3498 217 3557 bot
257 3497 374 3574 Itaque,
386 3502 421 3556 ut
444 3497 567 3556 eliceret
578 3494 780 3576 praedatorem·
822 3493 875 3554 icit
888 3492 959 3562 sun,
972 3501 1091 3574 postero
1104 3495 1152 3556 die

157 3576 328 3656 frequentes
341 3582 426 3657 porta
439 3574 607 3655 Esquiline,
629 3593 698 3655 quse
712 3572 906 3634 ¹aversissima
919 3576 957 3634 ab
982 3573 1065 3636 hoste
1079 3581 1152 3645 erut,

91 3726 92 3733 ἵ
159 3657 343 3736 expellerent
355 3674 468 3737 pecus;
488 3656 614 3716 scituros
626 3655 657 3714 id
678 3653 778 3728 hostes
791 3661 882 3724 ratus,
896 3653 978 3734 quta
998 3655 1029 3714 ia
1043 3653 1152 3713 obsidi-

91 3798 92 3805 χ
158 3755 214 3794 ene
228 3744 259 3794 et
280 3737 360 3799 fame
371 3735 493 3796 servitis
505 3735 597 3795 infida
610 3735 839 3818 transfugerent.
891 3735 932 3795 Et
945 3735 1038 3794 scitne
1052 3729 1153 3811 perfu-

90 3813 352 4224 Ἣμὶώίος
382 3815 537 3901 multoque
549 3808 660 3896 plures,
673 3821 710 3876 ut
720 3815 752 3876 iu
765 3833 853 3900 speru-
861 3815 1010 3882 universes
1029 3812 1152 3893 praedor,
