2634 4392
200 320 268 377 ree
622 310 662 371 r.
676 284 784 375 nrv'n

205 490 355 557 passurus·
367 471 496 536 esseti’'
535 472 658 534 “Nobis
672 474 776 543 uerdss'
802 472 903 553 nquit
915 472 1080 547 Quinctius,
1099 474 1183 537 “nibil

204 556 327 615 delectu
340 572 415 632 opus
428 559 497 623 est3
517 572 619 631 quam,
640 572 700 632 quo
714 559 846 635 ternpore
860 555 895 613 P.
915 555 1052 617 Valerius
1072 554 1110 615 ad
1123 556 1182 615 reci-

203 634 346 716 piendum
359 631 543 713 Capitolium
556 651 639 693 orme
648 633 728 713 plebi
749 634 843 703 dedit,
857 654 959 697 omues
972 635 1005 693 in
1018 638 1106 695 uerba
1113 637 1181 715 juru-

203 714 311 781 verint,
325 715 523 775 conventuros
535 733 569 773 se
585 714 672 793 jussu
688 713 829 783 consulis,
850 734 906 775 nec
933 714 1047 795 injussu
1062 714 1181 777 abbnms.

202 793 360 854 Edioimus
373 794 486 871 itaque,
505 811 620 862 omnes,
632 792 687 871 qui
699 792 731 852 in
745 796 835 857 verbe
856 796 988 863 brastis,
1009 794 1133 855 crastini
1144 795 1181 854 die

201 874 309 936 armati
321 874 361 934 ad
375 874 473 934 laeum
496 872 646 953 Regillum
661 872 796 933 adsitis.'’
847 815 992 935 devillari
1006 881 1066 935 tum
1082 874 1180 943 tribuni,

200 960 261 1013 “et
271 954 415 1035 populum
429 952 582 1013 exsolvere
596 952 738 1033 religione
752 954 850 1015 velle:
866 956 1025 1035 privatum
1040 974 1073 1014 eo
1087 961 1179 1034 tempo·
1211 990 1212 1005 κ

201 1055 235 1095 re
248 1033 422 1107 Quinctium
435 1030 537 1101 fuisse,
560 1052 653 1112 quum
668 1040 853 1095 sacramento
873 1035 974 1095 adacti
994 1035 1084 1095 sint’'
1135 1034 1180 1093 Sed

200 1115 334 1177 noudum
354 1114 432 1181 haec,
445 1132 524 1191 quse
540 1132 620 1172 nunc
640 1118 725 1174 tenet
744 1115 887 1183 seculum,
900 1114 1083 1197 negligentia
1101 1114 1179 1173 Detm

199 1202 343 1255 venerat:
362 1213 419 1252 nec
432 1192 657 1273 interpretando
671 1192 724 1253 sibi
738 1192 866 1273 quisque
876 1194 1087 1274 jusjurandum
1109 1200 1135 1253 et
1146 1193 1178 1251 le·

197 1295 253 1357 ges
266 1281 352 1353 aptas
364 1272 502 1340 faciebat,
522 1271 660 1331 sedenos
681 1274 781 1351 potius
806 1294 902 1333 mores
930 1275 969 1335 ad
984 1294 1022 1333 ee
1035 1292 1177 1335 accommo-

200 1356 299 1415 dabat.
352 1352 448 1434 lgitur
471 1352 590 1420 tribuni,
603 1357 637 1410 ut
656 1349 857 1431 impediendae
871 1352 915 1413 rei
936 1354 1023 1414 nulla
1036 1372 1102 1435 spes
1122 1356 1176 1419 erat.

199 1435 239 1494 de
253 1432 430 1515 proferendo
450 1431 583 1493 exercitu
603 1450 726 1511 agerer·
746 1450 781 1493 eo
795 1452 824 1491 m
864 1432 898 1503 e,
919 1434 1012 1512 quod,
1033 1441 1065 1495 et
1078 1442 1177 1511 “augu-

197 1535 247 1575 res
262 1515 364 1593 jussos
385 1512 491 1573 edesse
505 1512 542 1572 ad
569 1510 720 1591 Regillum
734 1512 865 1582 laeum’
890 1513 969 1575 fama
984 1514 1105 1581 exierat,
1123 1510 1176 1569 “lo-

197 1612 328 1672 cumque
354 1590 535 1673 iuaugurari,
561 1590 612 1667 ubi
631 1590 787 1671 auspicato
809 1612 878 1653 cum
892 1594 1002 1673 populo
1016 1592 1064 1733 agi
1078 1596 1175 1679 posset?
1211 1582 1212 1595 ¹

197 1681 242 1744 ut,
256 1672 400 1752 quicquid
413 1674 517 1733 Rom
533 1670 563 1732 vi
576 1670 735 1731 tribunicia
756 1678 890 1752 rogatum
903 1678 994 1743 esset¹
1015 1672 1027 1733 i
1071 1668 1176 1731 comitio

197 1753 239 1815 ibi
252 1756 453 1834 abrogaretur.
493 1752 604 1811 Omnes
618 1750 648 1808 id
658 1751 805 1829 jussuros,
818 1753 898 1844 quod
912 1751 1175 1823 consules-vellem

197 1854 298 1914 neque
312 1834 390 1893 enim
418 1833 659 1913 provocationem
680 1852 746 1893 esse
759 1832 878 1925 longuis
889 1834 926 1893 eb
939 1834 1011 1893 urbe
1035 1832 1115 1891 mille
1126 1846 1175 1921 prs·

195 1934 304 1978 suum:
325 1919 357 1972 et
371 1913 511 1980 tribunos,
526 1912 551 1971 si
577 1910 614 1971 eb
633 1910 849 1980 adroniant,1n
862 1912 923 1973 alia
935 1915 1021 1973 turba
1034 1910 1174 1983 Quiritum

194 1995 345 2073 subjectos
356 1992 420 2055 fore
431 1991 582 2052 consulari
594 1990 750 2069 imperio.”
799 1992 967 2051 Terrebant
979 1992 1062 2052 been:
1083 1988 1134 2049 sed
1149 1986 1173 2045 il·

195 2074 224 2133 le
239 2074 383 2133 maximus
395 2078 492 2133 terror
504 2072 618 2131 animos
639 2070 779 2152 agitabat,
802 2071 884 2150 quod
897 2072 1010 2153 saepiuis
1036 2066 1174 2143 Quinctius

194 2153 362 2221 dictitabat,
385 2164 447 2211 “se
462 2152 617 2212 consulum
631 2150 753 2213 comitia
764 2170 824 2212 uon
836 2151 1017 2213 habiturum.
1055 2149 1123 2211 Non
1144 2146 1174 2205 ita

195 2234 346 2295 civitatem
361 2252 472 2315 regrum
495 2252 572 2301 esse,
598 2240 632 2292 ut
655 2232 806 2293 consuetis
832 2231 973 2293 remediis
1000 2230 1065 2292 sisti
1077 2226 1173 2371 (possib

193 2315 341 2391 dictatore
355 2333 430 2393 opus
444 2333 510 2383 esse
524 2313 709 2393 reipublicae,
736 2317 780 2380 ut,
806 2312 858 2389 qui
872 2331 904 2371 se
918 2312 1046 2371 moverit
1059 2330 1077 2371 a
1109 2305 1172 2367 solli·

193 2395 347 2456 citandum
362 2401 474 2453 statum
487 2392 627 2463 ciuitatis,
649 2390 769 2461 sentiat,
782 2391 847 2451 sine
873 2392 1084 2473 provocatione
1096 2387 1171 2447 dictu·

193 2475 404 2535 turamesse.”
438 2510 441 2515 -
483 2524 487 2531 .
695 2515 697 2519 -
769 2526 772 2538 ,

233 2555 316 2614 XXI.
337 2555 466 2613 Senatus
478 2551 510 2611 iu
524 2551 674 2633 Capitolio
687 2558 772 2621 erat;
793 2550 829 2611 eb
849 2548 960 2611 tribuni
981 2572 1049 2612 cum
1076 2552 1170 2629 pertur-

191 2635 261 2694 bata
274 2634 365 2714 plebe
373 2631 518 2703 veniunt3
539 2632 700 2693 multitudo
722 2632 850 2691 clamore
873 2631 999 2711 ingenti,
1019 2649 1098 2691 nunc
1117 2642 1169 2685 cou-

191 2714 300 2781 sulum,
320 2733 400 2773 nouo
415 2713 547 2779 Petrum,
567 2712 656 2773 fidem
672 2712 849 2801 implorant}
869 2729 926 2770 nec
949 2717 1020 2773 ante
1034 2706 1169 2771 mouerunt

192 2794 230 2855 de
245 2793 395 2853 sententio
408 2792 570 2859 consulem,
583 2789 808 2883 qurlmtnbuni,
821 2810 855 2859 se
878 2789 910 2850 in
923 2790 1101 2851 auctoritate
1126 2784 1167 2843 Pl·

190 2880 269 2934 trum
284 2871 399 2931 saturos
411 2892 488 2940 esse,
500 2871 627 2951 polliciti
647 2875 727 2931 sunt.
780 2869 880 2940 Tunc,
906 2869 1054 2930 referente
1068 2860 1168 2927 consult

161 2988 165 2993 -
190 2954 228 3013 de
255 2953 437 3012 tribunorum
461 2960 492 3011 et
518 2951 613 3030 plebis
634 2948 801 3031 postuletis,
818 2950 1082 3011 senatusconsulta
1100 2945 1167 3007 fiunt.

188 3034 330 3112 “Neque
357 3031 467 3091 tribuni
487 3032 583 3111 legem
598 3052 633 3091 eo
647 3051 726 3091 anno
739 3030 862 3101 ferrent,
882 3050 979 3111 neque
1001 3027 1131 3089 consules
1141 3020 1168 3079 ab
1209 3016 1210 3079 l

188 3117 261 3175 urbe
275 3112 437 3173 exercitum
459 3111 632 3170 educerent.
686 3112 724 3171 In
743 3110 891 3191 reliquum
912 3110 1101 3191 magistratus
1113 3118 1167 3163 con·

187 3194 308 3262 tinueri,
333 3200 364 3253 et
376 3192 499 3251 eosdem
509 3190 644 3251 tribunos
665 3190 756 3258 refici,
772 3190 910 3269 judicare
932 3196 1068 3250 senatum
1082 3188 1167 3245 contra

189 3272 404 3351 rempublicam
423 3271 522 3333 esse.”
562 3270 709 3329 Consules
733 3269 817 3329 fuere
831 3270 861 3329 in
884 3270 1008 3331 Petrum
1021 3266 1167 3350 poteraut

186 3352 306 3418 tribuni,
320 3349 549 3411 reclamantibus
570 3349 750 3418 consulibus,
771 3348 886 3409 relecti.
939 3351 1044 3410 Patres
1057 3356 1168 3426 quoque

187 3452 226 3493 ne
240 3432 315 3511 quid
328 3432 470 3491 cederent
481 3430 570 3509 plebi,
584 3428 686 3512 stipsi
708 3430 744 3487 L.
758 3429 932 3503 Quinctium
952 3429 1101 3491 consulem
1112 3417 1167 3507 reti·

186 3513 313 3574 ciebant.
366 3510 461 3572 Nulla
480 3516 543 3570 toto
557 3529 636 3570 anno
648 3508 852 3571 vehementior
871 3510 949 3587 actio
963 3507 1091 3571 consulis
1113 3499 1166 3561 fulb

184 3606 202 3634 ·‘
214 3594 342 3662 Mirer‚’'
355 3591 461 3670 inquit,
486 3601 504 3626 ‘⁶
516 3590 541 3649 si
555 3608 632 3649 vana
645 3596 754 3656 vestre,
778 3589 882 3651 Patres
897 3588 1064 3670 conscripti,
1077 3586 1166 3645 auoto-

185 3674 259 3735 ritas
273 3673 312 3733 ad
325 3672 442 3752 plebem
455 3670 524 3730 est?
557 3670 619 3729 Vos
628 3668 757 3729 elevatis
769 3688 834 3731 eam
847 3690 856 3739 ;
876 3670 996 3751 quippe,
1016 3666 1083 3748 quia
1095 3658 1165 3750 pleb?
1208 3666 1209 3719 l

184 3752 478 3814 senatusconsultum
490 3749 522 3807 in
537 3749 747 3813 continuandis
766 3748 987 3830 magistratibus
1001 3744 1095 3811 solvit,
1119 3752 1165 3817 ipsi
1208 3790 1209 3815 p

183 3851 303 3909 quoque
317 3832 448 3895 solutum
468 3828 569 3897 voltis,
582 3836 628 3889 ‘ne
641 3830 803 3901 temeritati
816 3828 1017 3891 multitudinis
1041 3818 1166 3912 cedatis?
1208 3838 1209 3851 ¹

183 3915 327 3987 tanguam
339 3910 372 3975 id
385 3909 426 3971 eit
437 3910 506 4000 plus
519 3928 605 3990 posse
618 3909 651 3973 iu
665 3910 797 3980 civitate,
809 3909 878 3990 plus
890 3908 1021 3975 levitatis
1030 3925 1065 3969 ac
1084 3900 1165 3963 licen·
1208 3870 1209 3963 i
