2634 4392
549 263 680 324 LIBER
694 255 735 322 ll.
1107 258 1145 326 l?
1216 319 1217 360 q

153 444 185 486 er
202 443 260 486 una
281 423 404 485 civitate
437 421 587 484 discordia
607 422 731 503 fecerat)
766 419 853 501 longe
874 419 961 480 aliter
981 415 1087 476 Patres
1109 434 1144 474 ac
1216 477 1217 500 ,

151 507 260 585 plebem
274 506 410 566 affecere.
450 505 610 564 Exsuliare
623 503 730 585 gaudio
745 502 863 582 plebaea
883 501 1023 558 “ultores
1042 515 1145 576 super·
1216 527 1217 558 ,

149 585 199 646 biae
222 587 347 646 Patrum
366 584 496 650 adesse”
516 581 617 644 dicere
637 595 655 620 ‘⁴
668 585 748 644 Deos
760 583 806 652 ;”,
827 579 904 640 alius
925 577 1016 638 alium
1038 576 1145 636 conlin-
1216 601 1217 648 3

149 684 232 731 nare,
254 686 293 725 ne
306 664 428 725 nomina
447 664 571 724 darent:
593 684 660 723 cnm
675 661 810 722 omnibus
829 661 938 742 potiris,
952 679 992 738 qu
1000 658 1042 716 *m
1057 657 1145 724 solos,

146 744 298 824 perituros.
359 747 464 805 Patres
493 744 666 813 militarent,
700 745 804 802 Patres
838 761 920 801 arma
940 745 1090 818 caperent,
1111 742 1146 795 ut
1216 743 1217 802 ,

148 843 235 902 penes
255 825 378 886 eosdem
398 824 531 905 pericula
551 824 632 893 belli,
663 843 755 903 penes
776 841 851 901 quos
870 820 1003 902 praemia,
1035 820 1146 878 essent.
1216 831 1217 878 ἕ

148 905 191 962 At
202 906 272 964 verd
285 905 378 973 curia,
390 911 501 965 moesta
520 925 555 964 ac
568 903 687 985 trepida
711 901 831 980 {ncipiti
846 909 925 960 metu
940 906 971 962 et
985 901 1021 958 ab
1035 897 1100 958 cive
1114 900 1146 956 et
1216 913 1217 956 t

146 985 183 1042 ab
199 981 294 1055 hoste,
315 984 474 1047 Servilium
488 985 651 1053 consulem,
666 985 715 1043 cui
728 981 881 1062 ingenium
894 979 987 1060 magis
1002 979 1146 1059 populare
1216 961 1217 1024 l

145 1071 214 1131 erat,
250 1086 345 1135 orare,
378 1073 413 1124 ut
432 1062 524 1124 tantis
545 1063 779 1122 circumventam
808 1061 968 1122 terroribus
990 1059 1145 1140 expediret

145 1162 204 1201 rem
227 1145 393 1214 ublicam.,
426 1145 506 1204 Tum
528 1143 642 1221 consql,
664 1143 753 1202 misso
775 1149 889 1210 senatu,
916 1140 946 1198 in
969 1139 1144 1200 concionem
1216 1139 1217 1226 l

144 1241 175 1301 pr
214 1236 250 1284 rt.
292 1224 346 1295 lbi,
359 1236 376 1261 ‘⁶
388 1245 467 1284 curae
481 1243 547 1283 esse
562 1222 731 1291 Patribus,”-
745 1221 886 1289 ostendit,
897 1233 914 1257 ‘⁶
925 1227 960 1279 ut
971 1219 1143 1278 consulatur

143 1302 219 1381 plebi
232 1325 242 1375 3
264 1306 398 1364 ceteram
412 1303 620 1364 deliberationi
631 1304 670 1362 de
685 1303 813 1364 maxima
827 1301 947 1381 quidem
962 1300 1082 1368 illa,sed
1098 1309 1144 1358 ta·
1216 1289 1217 1360 l

143 1402 208 1442 men
222 1390 310 1463 parte
335 1383 473 1461 ciuitatis,
500 1392 612 1444 metum
625 1404 679 1464 pro
692 1381 833 1442 universa
846 1381 998 1462 republica
1011 1380 1142 1440 interve·
1216 1391 1217 1460 l

141 1462 246 1532 nisse;
267 1483 322 1522 nec
336 1483 431 1542 posse,
443 1483 535 1542 quum
548 1463 648 1523 hostes
662 1483 752 1556 prope
766 1464 804 1522 ad
818 1462 1044 1544 portas‘essent,
1064 1459 1144 1519 bello
1216 1463 1217 1538 ἦ

141 1543 330 1621 praevertisse
350 1543 531 1623 quicquamr
564 1564 631 1612 nec,
652 1564 678 1603 sr
705 1543 745 1604 sit
765 1541 927 1603 laxamenti
948 1540 1070 1620 aliquid,
1091 1547 1144 1600 aut
1216 1557 1217 1620 ξ

141 1622 219 1701 plebi
241 1622 395 1684 honestum
412 1645 487 1692 esse,
500 1623 560 1682 nisi
584 1623 722 1682 mercede
735 1622 818 1702 priris
840 1629 974 1700 accepti,
995 1642 1076 1682 arma
1089 1639 1142 1700 pro
1216 1663 1217 1688 ,

142 1702 237 1781 patria
248 1723 309 1765 non
323 1703 437 1782 cepisse
450 1724 458 1772 ;
479 1722 577 1780 neque
599 1703 737 1762 Patribus
758 1702 830 1762 satis
845 1703 994 1769 decorum,
1015 1721 1069 1780 per
1080 1721 1143 1760 mc·
1216 1737 1217 1746 κ

141 1788 203 1843 turn
263 1783 335 1852 tiis,
348 1784 439 1862 quim
458 1783 612 1864 postmodo
632 1783 796 1850 voluntate,
811 1781 928 1864 afflictis
943 1779 1051 1840 civium
1072 1777 1142 1840 sno·
1216 1797 1217 1826 ³

141 1880 204 1922 rum
250 1863 344 1924 rtunis
359 1863 578 1929 consuluisse.”
630 1862 775 1924 Concion'i
790 1862 899 1922 deinde
913 1862 1011 1924 edicto
1025 1860 1143 1920 addidit
1216 1863 1217 1866 ’

142 1940 312 2024 lidem,quo
326 1943 430 2015 edixit,
453 1936 613 2024 “Nequis
627 1944 724 2004 civem
747 1945 911 2004 Romanum
932 1941 1064 2002 vinc-tum
1090 1948 1142 2000 arrt

142 2020 274 2084 clausum
289 2032 414 2093 teneret,
427 2025 488 2102 qud
509 2024 608 2084 minis
620 2024 648 2084 ei
667 2025 795 2084 nominis
810 2022 917 2084 edendi
940 2025 1018 2102 apud
1034 2041 1140 2081 consu-

141 2099 181 2160 les
196 2110 330 2184 potestas
351 2103 446 2161 tieret
499 2105 631 2181 Nequis
645 2103 757 2174 militis,
771 2104 867 2162 donec
887 2103 917 2161 in
933 2102 1039 2164 caenis
1053 2110 1140 2169 esset,

141 2181 215 2242 bona
229 2181 404 2260 possideret,
418 2188 469 2240 aut
480 2182 643 2241 venderet:
664 2182 772 2242 liberos
785 2189 945 2262 nepotesve
960 2185 1028 2262 ejus
1046 2202 1140 2242 mora-

141 2263 252 2322 retur.'’
296 2263 362 2320 Hoc
376 2259 526 2340 proposito
540 2261 649 2331 edicto,
664 2269 703 2331 et,
724 2263 775 2342 qui
787 2263 920 2331 aderant,
935 2262 1140 2342 nexiprolite-

141 2340 324 2433 nextemplo
339 2340 476 2411 nomina;
501 2349 532 2400 et
546 2341 678 2420 undique
693 2363 730 2401 ex
744 2349 806 2402 tota
821 2345 893 2402 urbe
913 2341 1139 2423 proripientium

141 2438 169 2478 se
189 2441 229 2481 ex
242 2419 367 2502 privato,
390 2425 482 2500 quum
495 2421 643 2482 retinendi
661 2424 712 2502 jus
727 2423 867 2484 creditori
891 2443 950 2481 non
966 2429 1054 2490 esset,
1069 2441 1139 2480 con·
1216 2445 1217 2498 q

142 2520 244 2562 cursus
259 2502 289 2561 in
310 2501 417 2571 forum,
431 2510 465 2561 ut
489 2510 676 2562 sacramento
696 2502 839 2572 dicerent,
854 2503 929 2562 lieri.
972 2504 1083 2582 Magna
1104 2523 1143 2562 ea

141 2598 243 2642 manus
258 2581 332 2653 suit3
354 2603 452 2675 neque
466 2582 591 2644 aliorum
604 2583 699 2664 magis
712 2583 743 2643 in
759 2585 868 2643 Volsco
883 2583 962 2642 bello
977 2582 1072 2642 virtus
1092 2591 1138 2642 at·
1216 2623 1217 2632 η

141 2681 195 2738 que
210 2683 300 2743 opera
320 2663 437 2723 enituit.
498 2664 612 2724 Consul
634 2663 735 2745 copias
756 2672 860 2724 contra
880 2663 993 2724 hostem
1015 2663 1138 2733 educit3

141 2759 228 2819 parvo
240 2744 398 2815 dirimente
412 2744 569 2804 intervallo
584 2752 682 2805 castra
695 2745 788 2826 ponit.
1216 2759 1217 2836 q

177 2818 273 2882 XXV.
293 2824 433 2883 Proximi
447 2823 517 2884 inde
531 2834 619 2886 nocte
636 2825 746 2894 Volsci,
760 2825 910 2890 discordi&
925 2825 1058 2885 Roman:
1076 2824 1135 2884 fre.-
1216 2865 1217 2902 q

143 2900 285 2982 licique
305 2912 451 2962 nocturna
469 2905 606 2964 transitio
628 2906 792 2986 proditiove
814 2906 877 2988 lieri
898 2906 1001 2986 possit,
1016 2913 1137 2966 tentant
1216 2913 1217 2952 i

145 2993 244 3044 castra.
287 2985 414 3043 Sensere
434 2983 559 3064 vigiles:
590 2986 739 3044 excitatus
760 2987 918 3054 exercitus,
940 2987 1023 3066 signo
1045 2986 1134 3045 dato:
1216 2981 1217 3040 J

144 3080 313 3141 concursum
328 3070 375 3122 eat
398 3063 437 3123 ad
452 3084 542 3123 arma.
597 3065 645 3122 lta
665 3065 776 3126 frustra
796 3067 828 3124 id
841 3067 992 3146 incaptum
1015 3066 1134 3125 Volscis
1216 3063 1217 3130 ἶ

142 3139 215 3212 luit;
234 3143 380 3224 reliquum
396 3143 492 3203 noctis
513 3143 654 3223 utrinque
676 3144 770 3224 quieti
791 3147 901 3205 datum.
942 3148 1064 3206 Postero
1085 3146 1134 3206 die
1216 3175 1217 3218 g

142 3224 231 3297 prima
252 3226 319 3284 luce
333 3223 447 3294 Volsci,
466 3223 555 3283 fossis
570 3225 703 3304 repletis,
725 3226 835 3286 vallum
855 3227 1010 3286 invadunt.
1050 3227 1132 3286 Jam·
1216 3271 1217 3290 t

143 3320 197 3380 que
222 3307 258 3365 ab
271 3304 351 3365 omni
373 3311 457 3386 parte
479 3305 664 3365 munimenta
684 3307 881 3375 vellebantur,
903 3327 992 3383 quum
1016 3308 1131 3375 corruel,
1216 3349 1217 3382 p

143 3401 305 3460 quanquam
319 3384 423 3444 cuncti
444 3384 587 3463 undique,
608 3395 638 3445 et
653 3386 723 3445 nexi
744 3393 813 3446 ante
835 3395 993 3455 comeant
1014 3388 1132 3468 signum
1216 3415 1217 3446 2

143 3462 232 3530 duret,
246 3465 421 3533 clamabant,
442 3465 614 3544 experiendi
635 3466 750 3526 animos
765 3465 889 3525 militum
905 3476 989 3528 caus*
1010 3489 1130 3548 porum-

143 3560 189 3618 per
208 3551 346 3613 moratae,
366 3553 523 3624 postquam
545 3546 617 3606 satis
639 3549 799 3627 apparebat
819 3543 924 3640 ingens
945 3547 1042 3628 artior,
1058 3549 1129 3608 dato
1216 3573 1217 3584 ¹

144 3624 257 3685 andem
277 3624 316 3685 ad
337 3625 549 3706 erumpendum
564 3626 665 3707 signo,
679 3627 802 3686 militem
817 3629 936 3687 avidum
958 3627 1129 3692 certaminis

144 3703 262 3764 emittit:
306 3703 403 3765 Primo
423 3706 525 3765 statim
546 3707 666 3766 incursu
688 3707 767 3787 pulsi
787 3708 904 3768 hostes:
938 3707 1129 3787 frigiani-ibus,
1216 3751 1217 3756 κ

144 3785 232 3858 quoad
250 3784 370 3864 insequi
390 3786 481 3868 pedes
493 3787 610 3923 potuit,
629 3795 715 3869 terga
735 3809 834 3852 caesa:
856 3807 948 3867 equos
968 3809 1063 3868 tuque.
1089 3793 1125 3852 ad
