2634 4392
179 261 230 322 ab
605 261 643 319 T.
657 260 764 324 LIVII

189 419 382 482 lumbostem
395 417 487 478 oli'eri.
530 419 671 479 Omnium
685 420 738 480 illo
762 419 821 490 die,
843 421 903 500 qud
926 421 1031 501 plebis,
1045 421 1105 500 qus
1128 422 1180 482 Pe·

189 500 278 566 irum
292 498 399 558 eximia
416 499 512 562 virtus
526 500 591 560 fuit.
632 499 755 560 Fabium
771 520 886 569 nomem
900 501 991 562 Fabia
1004 522 1078 582 gens
1091 503 1181 562 maxi-

162 581 233 637 ‘mr‘
251 577 377 647 enituit3
410 579 513 639 multis
537 577 675 639 civilibus
700 579 910 640 certaminibus
935 581 1067 642 infensos
1090 581 1180 661 plebis

186 657 301 717 animos
313 657 367 715 illl
379 666 479 738 pugna
490 659 545 735 sihi
556 657 750 721 reconciliare
761 665 906 722 statuunt
947 661 1112 722 Instruitur
1125 661 1181 720 aci·

187 755 238 799 cs:
259 757 314 795 nec
330 737 441 816 Vejeus
451 739 544 798 bostis
558 737 755 817 Etruscaeque
767 737 897 819 legiones
912 739 1091 800 detrectant.

228 816 340 876 XLVI.
360 817 455 896 Propr}
471 826 554 878 certa
575 838 643 896 spes
666 831 812 887 cremnon
836 818 929 899 magis
950 815 1056 880 vsecum
1070 841 1180 901 pugna-

187 900 282 965 turos,
306 897 397 975 qn*m
421 896 699 978 pugnaverintcum
714 898 847 976 AEquis3
881 905 976 978 majus
990 920 1111 978 quoque
1132 901 1180 959 ali·

187 973 279 1054 quod,
291 975 322 1034 in
337 984 397 1035 tarn
410 975 536 1038 irritatis
549 976 655 1037 animis
670 983 701 1036 el
715 979 869 1038 occasione
890 977 1022 1059 ancipiti,
1037 979 1117 1040 haud
1132 981 1179 1039 de-

187 1055 368 1136 sperandum
395 1076 460 1116 esse
484 1057 611 1118 facinus.
660 1058 721 1116 Res
746 1057 831 1117 aliter
852 1058 938 1139 long¹
964 1058 1081 1127 evenit3
1114 1079 1179 1118 nana

187 1155 248 1195 non
262 1135 319 1194 alio
332 1142 398 1194 ant-I
416 1138 493 1214 bello
507 1136 644 1197 infestior.
667 1137 819 1198 Romanus
835 1137 920 1216 (adab
935 1137 1004 1196 hinc
1029 1144 1180 1200 contume-

185 1214 237 1273 liis
262 1215 370 1284 hostes,
397 1215 631 1277 hincconsules
652 1233 733 1274 mora
753 1218 1013 1298 exacerbaverant)
1043 1216 1178 1296 proelium

185 1293 263 1354 iniit.
304 1295 361 1353 Vix
375 1296 546 1376 explicandi
569 1294 681 1355 ordinis
695 1295 823 1374 spatium
840 1295 975 1358 Etruscis
999 1295 1067 1364 fuit,
1081 1317 1179 1374 quum,

185 1374 255 1454 pilis
282 1374 359 1433 inter
385 1375 509 1465 primam
538 1372 764 1455 trepidationem
792 1376 916 1454 abjectis
940 1382 1052 1436 temere
1079 1376 1179 1456 magis

185 1457 277 1532 qn‘m
300 1454 424 1523 emissis,
448 1476 547 1536 pugna
565 1456 628 1533 jam
652 1454 684 1513 in
708 1474 824 1522 manus,
840 1457 903 1533 jam
925 1455 963 1514 ad
984 1453 1108 1534 gladios,
1132 1453 1178 1514 ubi

185 1534 272 1607 Mars
302 1541 348 1592 est
379 1535 592 1607 atrocissimus,
619 1541 751 1592 venerat
805 1534 889 1592 Inter
923 1534 1064 1612 primores
1088 1555 1177 1615 genus

185 1614 311 1674 Fabium
330 1613 447 1694 insigne
471 1614 644 1695 spectaculo
669 1612 865 1693 exemploque
888 1613 1001 1673 civibus
1026 1621 1110 1694 erat3
1144 1633 1176 1671 ei

136 1735 139 1741 .
183 1692 230 1754 bis
245 1693 281 1766 Q.
295 1693 428 1762 Fabium,
442 1694 543 1775 (tertio
555 1692 604 1754 hic
618 1713 703 1762 anuo
719 1694 799 1752 ante.
813 1693 917 1760 consul
939 1691 1047 1774 luerat)
1071 1693 1176 1772 princi·

183 1793 252 1854 pem
266 1773 297 1834 in
322 1772 472 1834 confertos
486 1776 628 1853 Vejentes
652 1780 783 1840 euntem,
807 1771 890 1832 ferox
914 1771 1025 1833 viribus
1039 1781 1070 1832 et
1084 1792 1174 1832 armo·
1216 1837 1217 1840 Ἴ

183 1860 329 1912 romaric
343 1853 638 1922 Tuscus,incautum
664 1852 742 1908 inter
768 1851 874 1910 multas
898 1863 1065 1910 versantem
1090 1851 1175 1910 hosti·

183 1954 234 1994 um
245 1950 360 1998 manus,
373 1931 472 2010 gladio
485 1951 539 2010 per
552 1941 657 2010 pactus
671 1929 835 2009 transfigit3
871 1931 930 1988 telo
944 1937 1089 1999 extracto,
1102 1953 1174 2010 prae·

184 2031 256 2092 ceps
270 2010 379 2070 Fabius
392 2010 423 2068 in
437 2012 546 2070 vulnus
560 2008 640 2069 abiit.
682 2007 783 2068 Sensit
795 2009 923 2088 utraque
937 2007 1018 2068 acies
1033 2009 1122 2070 unius
1137 2008 1175 2066 vi-

183 2093 211 2152 ri
235 2112 348 2158 casam,
366 2090 556 2170 ¹cedebatque
580 2089 651 2150 inde
675 2089 845 2149 Romanus:
887 2111 979 2168 quum
1006 2089 1051 2148 M.
1073 2089 1175 2148 Fabios

184 2173 289 2231 consul
308 2169 461 2231 transiluit
478 2171 610 2250 jacentis
624 2189 741 2249 corpus,
755 2172 931 2250 abjectique
945 2177 1057 2249 parma,
1082 2181 1100 2206 ‘⁶
1114 2169 1174 2226 Hoc

177 2251 338 2332 juretis„
352 2250 459 2330 inquit,
485 2264 503 2286 ·‘
513 2250 632 2318 milites,
655 2247 803 2328 fugientes
828 2271 883 2320 vo,
901 2249 932 2308 in
947 2261 1044 2308 castra
1066 2248 1175 2331 reditu·

185 2332 256 2391 ros?
281 2331 356 2390 ade&
370 2330 576 2410 ignavissimos
597 2329 696 2387 hostes
711 2329 805 2408 inagis
827 2327 949 2397 timetis,
974 2334 1062 2407 qu‘m
1077 2327 1174 2388 Jovem

183 2413 385 2488 Martemque,
399 2431 452 2489 per
462 2430 537 2487 quos
549 2405 702 2546 portstisi
734 2409 777 2465 At
791 2427 844 2488 ego
858 2407 1006 2488 injuratos
1020 2416 1072 2468 aut
1087 2407 1175 2466 victor

182 2499 324 2556 revertar,
338 2495 391 2564 aut
404 2509 495 2568 prope
506 2497 535 2547 te
556 2509 608 2557 nc,
618 2488 655 2561 Q.
670 2487 750 2555 Fabi,
763 2487 908 2546 dimicans
921 2488 1058 2548 cadam.”
1074 2545 1077 2550 ,
1100 2487 1172 2545 Con·

184 2568 244 2629 suli
254 2576 318 2628 tum
334 2568 371 2624 K.
386 2569 505 2636 Fabius
518 2567 625 2648 prioris
638 2567 709 2627 anni
723 2567 837 2636 consul,
851 2579 868 2602 “
878 2567 1021 2628 Verbisne
1035 2567 1108 2634 istis
1121 2565 1172 2624 lra-

98 2710 99 2713 ,
184 2655 241 2718 ter,
254 2655 289 2707 ut
300 2657 445 2728 pugnent,
459 2656 490 2706 te
505 2648 730 2727 impetraturum
747 2643 867 2705 credis?
896 2647 946 2704 Dii
971 2649 1173 2725 impetrabunt,

182 2749 236 2810 per
250 2747 325 2806 quos
334 2729 484 2807 juravere.
524 2729 565 2786 Et
578 2749 641 2794 nos,
661 2737 695 2787 ut
708 2727 796 2786 decet
808 2745 956 2803 proceres,
972 2734 1005 2784 ut
1019 2723 1110 2789 Fabio
1127 2745 1171 2783 no·

182 2808 263 2877 mine
287 2816 334 2866 est
357 2806 489 2898 dignum,
503 2805 662 2885 pugnando
686 2805 795 2884 putide,
809 2806 897 2883 quin
915 2805 1118 2880 adhortando,
1129 2822 1170 2862 ac-

183 2888 347 2949 cendamus
362 2886 488 2946 militum
503 2886 647 2944 animos.”
690 2885 739 2944 Sic
763 2885 794 2944 in
809 2883 936 2964 primurn
951 2883 1068 2944 infestis
1078 2923 1080 2925 -
1090 2881 1170 2944 hastis

182 2969 340 3052 provolant
353 2967 412 3027 duo
427 2965 519 3032 Fabii,
529 2974 681 3044 totamque
692 2972 851 3026 moverunt
861 2985 960 3026 secum
977 2965 1080 3024 aciem.

193 3114 196 3119 ¹
223 3047 353 3124 XLVII.
374 3045 485 3105 Prelio
500 3065 536 3104 cx
556 3054 642 3126 parte
655 3065 716 3106 una
736 3045 884 3124 restituto,
899 3045 989 3104 nihilo
1012 3041 1169 3124 segnioris

183 3129 277 3188 altero
293 3147 389 3194 cornu
403 3127 461 3185 Cn.
474 3125 609 3195 Manlius
634 3125 735 3185 consul
752 3144 879 3204 pugnam
895 3123 1008 3182 elebata
1042 3125 1093 3184 ubi
1111 3142 1169 3202 pro·

206 3209 219 3266 ὲ
234 3204 340 3266 similis
360 3205 479 3266 fortuna
490 3214 537 3264 est
550 3216 684 3273 versata3
717 3223 784 3262 nam
807 3210 841 3262 ut
861 3203 955 3262 altero
969 3204 1011 3280 ¹in
1036 3225 1126 3262 cornu
1140 3201 1168 3272 Q.

181 3229 318 3356 l'abium,
332 3285 374 3346 sic
389 3285 421 3344 in
434 3285 488 3344 boc
502 3285 600 3364 ipsum
614 3281 766 3342 consulem
783 3281 942 3350 Manlium,
956 3285 1020 3361 jam
1035 3284 1117 3342 velut
1130 3281 1168 3338 lo·

181 3387 232 3429 sas
241 3373 379 3446 agentem
388 3364 500 3432 hostes
510 3373 542 3424 et
553 3363 677 3444 impigri
687 3360 797 3420 milites
811 3365 906 3422 secuti
921 3368 1008 3421 sunt:
1029 3370 1069 3430 et,
1085 3368 1116 3422 ut
1126 3359 1169 3416 ille

182 3447 267 3531 gravi
287 3446 411 3506 vulnere
423 3445 502 3504 ictus
517 3463 554 3504 ex
566 3443 635 3501 acie'
655 3442 755 3522 cessit,
768 3441 957 3502 interfectum
974 3442 1039 3510 rati,
1052 3460 1168 3522 graorsu

181 3527 332 3594 retulere3
362 3521 583 3602 cessissentque
602 3521 679 3590 loce,
701 3521 732 3580 ni
754 3521 856 3582 consol
879 3523 962 3589 aller,
982 3543 1050 3583 curn
1065 3523 1169 3598 aliquot

182 3596 291 3670 trimis
306 3603 440 3682 equitum
453 3601 486 3662 in
499 3623 564 3662 earn
581 3611 696 3682 partem
711 3601 801 3662 citato
816 3621 891 3680 equo
911 3602 1065 3670 aduectus
1079 3617 1170 3658 unere

182 3685 339 3748 clamitans
354 3681 506 3762 collegam,
528 3702 561 3740 se
584 3680 727 3742 victorem
751 3681 817 3742 fuso
830 3681 924 3740 altero
948 3701 1039 3756 corpu
1063 3681 1170 3740 adesse,

179 3785 248 3849 repa
270 3761 445 3826 inclinatam
469 3758 670 3826 susthiuis'set.
711 3761 845 3824 Manlius
870 3759 1039 3841 quoquead
1056 3761 1169 3820 restitu-
