2634 4392
540 311 671 379 nnmn
686 317 728 379 11.
810 334 812 338 ¹
855 305 856 308 ‘
1098 303 1135 392 ar

138 480 187 543 ost
199 487 336 550 vocatus,
356 473 570 542 tumultuosirls
592 477 766 546 consulitur,
778 476 973 556 quaestionem
983 475 1137 558 postulun-

136 562 211 622 tibus
225 562 274 632 iis,
288 562 341 641 qui
351 559 464 652 pulsati
478 559 606 629 fuerant,
618 560 798 618 decernente
815 557 994 616 ferocissimo
1009 577 1137 636 quoque,
1159 625 1161 629 ¹

139 661 195 703 non
216 642 376 703 sententiis
396 639 499 720 magis,
519 640 579 718 qul
600 640 728 698 clamore
749 645 780 697 et
806 637 941 716 strepitu.
990 637 1137 709 Tandem,

139 743 228 802 quum
241 723 296 782 irae
311 719 501 790 resedissent,
514 717 758 811 exprobrantibus
772 719 952 785 consulibus,
965 715 1056 777 nihilo
1070 719 1098 797 pl
1104 738 1137 778 us

140 802 277 862 sanitatis
288 801 322 861 in
337 799 428 869 curia,
442 819 532 879 quom
551 821 583 858 rn
605 799 677 867 foro,
699 817 773 866 esse,
789 797 892 856 ordine
907 797 1021 856 consuli
1037 798 1138 879 coepit.

91 900 92 905 ¹
138 883 218 941 Tres
230 882 313 944 hiere
324 879 493 941 sententiae.
534 876 800 960 P.Virginiusrem
812 897 870 936 non
882 877 1039 956 vulgabat:
1072 878 1137 938 “de

139 960 176 1021 iis
190 965 316 1031 tantdm,
337 962 398 1040 qui,
418 960 509 1019 fidem
530 959 631 1020 secuti
650 959 682 1034 P,
704 956 821 1016 Servilii
843 957 993 1025 consuliS,
1016 957 1139 1028 Volsco,

138 1043 291 1110 Aurunco,
306 1040 475 1118 Sabinoque
488 1029 675 1098 milit“.ssent'
690 1037 779 1104 bello,
799 1037 968 1116 agendum’'
990 1042 1139 1098 censebat,

138 1121 172 1179 T.
194 1121 329 1190 Lartius,
350 1133 367 1157 “
380 1121 451 1180 Non
473 1118 504 1177 id
525 1125 643 1198 tempus
664 1137 739 1186 esse,
760 1124 794 1176 ut
808 1116 913 1176 merita
933 1117 1138 1176 tantummodo

138 1202 395 1271 exsolverentur3.
418 1207 512 1261 totam
533 1199 649 1279 plebem
671 1218 731 1258 aere
752 1197 849 1261 alieno
871 1197 1036 1256 demersam
1057 1213 1138 1278 esse:
1224 1201 1225 1268 ζ

135 1300 188 1340 nec
198 1281 269 1340 sisti
280 1301 375 1362 posse,
385 1280 416 1342 ni
426 1278 560 1343 omnibns
571 1279 759 1346 consulatum
773 1277 846 1356 quin
858 1277 884 1337 si
894 1275 953 1335 alin
964 1275 1088 1336 aliorum
1100 1276 1140 1358 sit
1224 1277 1225 1352 ,

137 1361 281 1429 conditio,
302 1361 427 1419 accendi
447 1360 540 1441 magis
561 1357 749 1426 discordiam,
777 1369 868 1436 qulm
889 1356 1019 1424 sedari.”
1082 1359 1139 1495 Ap
1224 1359 1225 1428 ξ

137 1440 297 1507 Claudius,
310 1446 341 1498 et
354 1437 461 1499 notuit
474 1440 604 1507 immitis,
619 1447 650 1510 et
663 1439 802 1498 efferatus
816 1436 884 1496 hinc
900 1437 996 1518 plebis
1012 1435 1088 1506 odio,
1102 1437 1111 1494 i
1128 1471 1139 1480 -

135 1517 194 1578 linc
221 1519 345 1578 Petrum
366 1518 512 1589 laudibus,
532 1532 549 1555 ‘⁶
561 1521 632 1580 Non
653 1517 815 1586 miseriis,’''
834 1516 884 1587 ait,
905 1517 985 1575 “sed
1007 1515 1139 1586 licentia,
1224 1587 1225 1592 η

135 1602 256 1658 tantum
278 1597 426 1659 concitum
456 1603 630 1668 turbarum
664 1606 695 1657 et
722 1596 860 1658 lascivire
890 1595 982 1676 magis
1015 1588 1140 1676 plebem,

135 1678 365 1757 qussm.saeuire.
428 1679 465 1736 ld
493 1679 568 1736 adet
588 1678 698 1735 malum
720 1695 757 1736 ex
788 1676 995 1754 provocatione
1016 1684 1140 1746 natum;
1224 1677 1225 1754 ζ

137 1757 248 1840 quippe
262 1758 359 1818 minas
373 1777 439 1816 esse
453 1757 618 1824 consulum,
632 1775 692 1814 non
706 1754 883 1834 imperinm
904 1755 953 1813 ubi
965 1754 1001 1814 ad
1017 1775 1077 1823 eos,
1088 1755 1141 1834 qui
1224 1757 1225 1780 ¹

136 1855 195 1897 una
209 1836 413 1918 peccaverint,
428 1857 587 1918 provocare
599 1835 700 1896 liceat.
741 1834 910 1914 Agedum,”
924 1833 1032 1912 inquit,
1046 1847 1063 1870 “
1075 1834 1138 1894 dic·

136 1923 274 1986 tatorem;
293 1918 383 1998 :lquo
397 1916 567 1996 provocatio
583 1917 718 1984 nonest,
740 1935 884 1973 creemus.
923 1913 990 1973 lam
1004 1912 1060 1984 hic,
1081 1935 1140 1994 quo

136 2013 215 2056 nuuc
230 1997 330 2057 omnia
343 1997 459 2065 ardent,
473 1997 658 2055 conticescet
671 1995 762 2054 furor.
802 1994 907 2053 Pulset
922 2003 984 2052 turn
1000 1993 1069 2052 mihi
1084 1995 1140 2052 lic-

136 2082 243 2145 torem,
256 2076 309 2152 qui
322 2075 407 2142 sciet,
424 2079 475 2153 jus
489 2076 624 2154 detergo
637 2075 760 2150 vitaque
774 2093 828 2132 sua
842 2093 932 2152 penes
946 2093 1040 2130 unum
1055 2071 1140 2133 illum
1218 2064 1223 2132 i

136 2173 211 2221 csse,
228 2157 316 2232 cujus
330 2155 515 2241 majestatem
530 2151 684 2221 violarit.”

170 2233 274 2292 XXX.
294 2232 413 2300 Multm,
432 2235 467 2288 ut
480 2237 553 2298 erat,
576 2229 694 2289 horrida
715 2235 745 2290 et
765 2231 850 2290 atron
872 2232 1028 2291 videbatur
1049 2234 1139 2312 Appii

137 2312 307 2371 sententia:
327 2330 429 2370 rursus
441 2309 568 2390 Virginii
580 2309 736 2389 Lartiique
748 2311 884 2390 exemplo
894 2311 978 2372 haud,
988 2313 1120 2370 salubres
1131 2335 1140 2384 5

135 2392 240 2470 atique
262 2390 360 2450 Lartii
380 2393 525 2469 putabant
545 2391 732 2458 senteutiam,
753 2409 820 2470 quae
836 2396 934 2468 totam
952 2389 1040 2450 tidem
1055 2392 1141 2450 tolle·

137 2482 203 2542 ret3
225 2470 356 2530 medium
370 2469 495 2529 maxim}
509 2477 540 2530 et
554 2471 739 2529 moderatum
754 2479 881 2548 utroque
903 2469 1059 2529 consilium
1072 2471 1139 2530 Vir·

138 2548 209 2629 ginii·
222 2551 393 2619 habebatur.
435 2550 493 2609 Sed
519 2550 649 2609 factione
671 2557 868 2629 respectuque
889 2569 988 2608 rerum
1010 2549 1139 2629 privata·
1222 2585 1223 2588 ¹

139 2648 212 2698 rum,
229 2651 297 2708 quae
310 2650 426 2709 semper
441 2631 567 2690 offecere
582 2629 773 2708 officientque
784 2631 911 2722 puhlicis
923 2629 1064 2697 consiliio,
1076 2633 1139 2710 Ap·

139 2709 203 2787 pins
218 2709 308 2769 vicit:
330 2730 364 2769 ac
385 2730 477 2791 prope
497 2710 564 2779 fuit,
586 2715 622 2769 ut
641 2709 771 2770 dictator
792 2710 843 2768 rlle
865 2710 944 2768 idem
966 2716 1118 2769 crearetur
1129 2731 1140 2781 ς

140 2807 202 2864 quae
217 2809 266 2848 res
279 2789 383 2868 utique
407 2790 568 2850 alienasset
586 2790 702 2870 plebem
731 2789 977 2868 periculosissimo
998 2798 1139 2869 ternpore,

140 2886 227 2944 quum
242 2869 348 2927 Volsci
368 2870 518 2949 AEquique
531 2877 562 2929 et
583 2870 685 2930 Sabini
711 2869 787 2929 furtel
801 2871 858 2950 un*
882 2891 983 2929 ornnes
1004 2870 1139 2930 inarmis

142 2956 247 3009 essent.
289 2947 349 3006 Sed
372 2967 451 3007 curae
472 2948 531 3007 fuit
544 2950 715 3010 consulibus
728 2959 759 3008 et
772 2949 935 3009 senioribus
952 2951 1083 3019 Petrum,
1104 2957 1139 3010 ut

141 3023 303 3108 imperium,
324 3047 378 3085 suo
399 3027 568 3097 vehemens
588 3036 742 3089 mansueto
768 3029 990 3109 permitteretur
1010 3029 1139 3109 ingenio.

142 3105 182 3165 ll.
202 3106 356 3168 Valerium
371 3106 547 3168 dictatorem
562 3108 664 3167 Volesi
685 3108 778 3167 filium
800 3121 912 3168 creant.
954 3109 1069 3178 Plebes,
1083 3111 1140 3170 etsi

141 3187 280 3247 adversus
295 3209 327 3248 se
342 3194 474 3260 creatum
494 3188 673 3248 dictatorern
689 3188 817 3255 videbat,
838 3197 948 3256 tamen,
962 3209 1054 3268 quum
1069 3210 1135 3270 pro-

141 3267 321 3328 uocationem
336 3268 437 3327 fratris
450 3269 515 3348 lege
530 3269 659 3335 haberet,
674 3267 745 3326 nihil
761 3288 799 3326 ex
812 3287 848 3326 ea
862 3268 973 3328 familia
984 3270 1070 3328 triste
1082 3291 1137 3330 nec

141 3349 298 3425 superbum
321 3348 453 3408 timebat.
505 3347 786 3417 Edictum‘deinde,
812 3347 984 3408 {dictatore
1005 3351 1137 3429 proposi-

141 3427 412 3494 tum,contirmavit
432 3427 557 3496 salmoe,
578 3427 697 3486 Seruilii
718 3427 781 3487 fere
796 3429 926 3488 consulis
940 3429 1039 3488 edicto
1066 3450 1136 3488 con-

144 3504 284 3574 veniens;
302 3508 397 3566 sedet
411 3506 521 3568 homini
541 3516 573 3566 et
587 3507 727 3588 potestati
745 3508 856 3566 melios
870 3507 1032 3580 roboredi,
1046 3509 1136 3567 omis·
1174 3574 1177 3579 ,

144 3601 173 3642 so
186 3585 347 3645 certamine
360 3588 478 3647 uomina
493 3586 612 3645 dedere.
664 3587 801 3659 Quantus
822 3607 971 3667 nunquam
994 3589 1063 3647 ant}
1084 3607 1135 3648 en·

145 3664 266 3746 arcitus,
276 3665 404 3746 legiones
425 3668 530 3726 decem
552 3666 690 3726 effecte:
720 3675 812 3726 ternae
827 3669 896 3728 inde
911 3670 989 3729 datae
1006 3667 1136 3727 consuli·

146 3739 205 3814 bus,
217 3757 350 3826 quatuor
359 3745 485 3808 dictator
499 3766 579 3806 usus.
620 3748 687 3806 Nec
703 3756 817 3826 poterat
832 3749 895 3828 jam
909 3749 1019 3806 bellum
1034 3747 1120 3807 differ

145 3820 177 3889 ri.-
213 3826 308 3907 Equi
329 3824 471 3890 Latinum
483 3847 589 3910 agrum
602 3826 794 3900 invaserunt5
814 3836 945 3892 oratores
959 3828 1136 3908 hunorum-
