2634 4392
439 341 449 364 ,
539 281 670 346 tiana
682 279 725 341 11.
1079 273 1135 326 ior

146 472 190 518 ore
199 451 281 524 acie3
306 444 513 532 populationes
526 446 623 511 erant,
636 447 668 501 et
685 437 769 498 velut
782 437 818 496 ab
832 451 900 494 aree
919 425 1048 493 laniculi
1061 444 1131 506 pas·

144 533 236 594 simin
251 533 417 592 Romanum
430 545 534 608 agrum
551 520 681 604 impetus
695 517 826 584 dabont3
860 534 918 574 non
939 527 1065 588 usquam
1080 525 1132 586 pe·

145 633 205 674 cora
227 619 301 682 tuta,
322 628 382 670 non
405 604 536 688 agrestes
559 611 652 663 erent.
693 599 738 658 Ca
760 597 784 657 ti
805 593 914 654 deinde
939 589 1045 652 eedem
1069 591 1133 646 arte

96 724 97 741 .
144 687 216 762 sunt,
229 698 290 772 qus
303 693 446 770 ceperant
459 685 583 752 Fabios3
616 679 713 741 secuti
748 677 831 736 edita
855 667 1078 810 opert-passim
1093 665 1133 726 ad
1203 717 1207 728 ,

142 770 290 832 illecebras
314 767 453 850 propulsa
473 784 592 846 pecora,
615 756 841 842 praecipitavere
855 753 957 813 iamsi
979 752 1039 818 ies3
1072 745 1134 838 qul)

142 852 236 931 plures
261 856 356 918 crant,
380 849 474 925 major
497 843 599 904 caedes
623 839 690 900 snit.
732 837 778 896 Er
799 837 855 912 hac
880 831 967 894 clade
990 835 1076 888 atrox
1089 836 1133 886 rra

142 931 255 1009 majoris
265 928 362 991 cladis
376 937 466 986 causa
479 933 569 1002 atque
583 920 701 980 initium
715 917 792 986 fuit;
812 917 938 995 trajecto
952 909 1031 972 enim
1046 914 1134 967 nocte
1220 959 1221 988 ,

142 1009 247 1080 Tiberi,
270 1016 369 1070 castra
382 1003 503 1066 Servilii
519 999 660 1063 Consulis
677 995 774 1058 adorti
787 1003 858 1056 sunt
871 1008 1059 1073 oppugnare3
1088 987 1135 1046 in·
1220 995 1221 1028 ἰ

141 1089 174 1149 de
186 1090 248 1157 fusi
260 1093 369 1170 magna
386 1085 472 1146 caede
485 1083 517 1142 in
530 1079 700 1143 loniculum
714 1089 755 1138 'se
770 1076 848 1158 aegrb
861 1091 1011 1151 recepere.
1052 1068 1133 1126 Con·
1220 1087 1221 1090 ¹

140 1168 236 1230 testim
260 1168 365 1241 'consul
380 1164 494 1246 etipse
516 1160 623 1222 transit
642 1157 786 1226 Tiberim,
800 1161 899 1216 castra
919 1153 972 1212 sub
996 1146 1134 1238 laniculo
1220 1155 1221 1232 ξ

140 1250 299 1310 communit
310 1269 319 1317 ;
331 1257 450 1328 postero
464 1242 524 1312 die,
536 1243 606 1300 luce
620 1245 696 1307 ortt,
716 1233 849 1298 nonnihil
864 1240 895 1294 et
913 1232 1053 1292 besterna
1068 1226 1135 1288 feli·
1220 1233 1221 1242 ¹

140 1327 226 1390 nitate
247 1347 357 1421 pugpae
379 1326 472 1392 ferox,
498 1321 592 1402 magis
611 1325 722 1388 minen,
749 1315 830 1396 qubd
844 1312 957 1398 jpropia
983 1305 1153 1392 immenti,-
1220 1309 1221 1316 ’

139 1427 274 1486 quamvis
287 1408 318 1465 in
332 1402 506 1486 praecipitia,
520 1403 591 1461 dum
605 1399 749 1460 celeriora
763 1402 872 1466 essent,
886 1395 991 1475 agebat
1000 1387 1134 1456 consilia,
1220 1399 1221 1402 ’

138 1489 251 1548 temere
274 1486 398 1546 adverso
419 1482 556 1544 Ianiculo
578 1480 617 1541 ad
640 1485 740 1539 castre
761 1477 890 1536 hostium
914 1473 1009 1534 aciem
1030 1468 1136 1537 erexit,
1220 1481 1221 1508 ³

138 1564 391 1646 loediusqueinde
412 1564 525 1644 pulsus,
548 1561 638 1641 quim
653 1558 749 1640 pridie
773 1557 937 1637 pepulerat,
962 1552 1135 1612 interventu
1220 1577 1221 1614 3

138 1647 260 1729 collegae
285 1645 350 1726 lpse
373 1643 583 1719 exercitusque
609 1641 675 1718 ejus
696 1645 743 1696 est
771 1643 923 1704 servatus3
957 1633 1036 1692 inter
1059 1631 1136 1690 duas
1220 1629 1221 1668 ἶ

138 1721 212 1788 ecies
234 1725 365 1792 Etrusci,
378 1742 469 1802 quum
493 1721 526 1779 in
549 1720 646 1796 vicem
666 1716 712 1775 his
736 1722 827 1793 atque
840 1713 901 1780 illis
914 1721 997 1792 terga
1019 1711 1136 1780 darent,
1220 1759 1221 1786 ,

138 1806 293 1946 fficidione
315 1802 417 1866 occisi.
458 1802 506 1865 lo
527 1815 702 1881 oppressum
725 1794 894 1861 temeritate
916 1792 998 1856 felici
1022 1792 1134 1872 Vojens

172 1888 259 1948 llum.
854 1915 857 1922 ·
1058 1927 1064 1934 .

172 1967 247 2028 Lll.
269 1967 344 2028 Urbi
356 1985 513 2058 cumpace
535 1961 631 2024 laxior
653 1961 743 2024 etiam
769 1977 887 2022 annone
910 1955 1007 2025 rediit,
1026 1960 1061 2014 et
1081 1951 1135 2014 ad·
1220 2009 1221 2014 ,

138 2054 221 2108 secto
236 2068 274 2108 ex
298 2049 464 2126 Campania
476 2045 634 2113 frumento,
650 2051 693 2112 et,
708 2048 864 2132 postquam
888 2037 976 2098 timor
990 2033 1045 2094 sibi
1070 2033 1134 2092 cui·
1220 2059 1221 2092 3

138 2145 190 2206 que
212 2128 326 2187 futurae
340 2125 450 2203 inopiae
465 2124 545 2192 abiit,
559 2143 604 2190 eo,
625 2122 707 2198 quod
728 2121 859 2180 abditum
883 2117 990 2184 fuerat,
1010 2112 1135 2196 prolato.
1220 2149 1221 2156 κ

134 2205 178 2266 lix
202 2206 294 2286 copia
306 2203 415 2264 deinde
431 2201 551 2280 otioque
563 2198 702 2260 lascivire
716 2219 819 2257 rursus
834 2197 923 2256 animi
935 2217 943 2264 3
965 2201 996 2256 et
1009 2193 1135 2274 pristine
1220 2189 1221 2242 ἕ

137 2287 220 2355 malo,
235 2292 394 2366 postquam
415 2281 487 2343 foris
508 2281 642 2352 deerant,
655 2278 736 2338 domi
758 2296 912 2357 quaerere;
943 2274 1056 2336 tribuni
1072 2273 1134 2354 ple·
1220 2293 1221 2344 ;

137 2363 198 2426 hem
207 2365 329 2446 agitare
342 2383 396 2425 suo
409 2382 535 2431 veneno,
545 2359 661 2442 agrarii
674 2359 702 2419 le
723 2379 759 2429 e;
778 2357 809 2416 in
824 2355 997 2416 resistentes
1008 2353 1134 2414 incitare

137 2441 249 2514 Patres,
263 2443 533 2516 necinuniversos
547 2441 644 2510 modo,
658 2459 690 2500 se
727 2439 758 2499 in
773 2438 914 2519 singulos
955 2438 992 2510 Q.
1006 2431 1134 2494 Con-sid·
1185 2463 1186 2466 ¹

136 2521 179 2584 ius
191 2533 224 2586 et
246 2526 287 2586 Τ.
301 2524 463 2593 Genucius,
475 2530 613 2584 auctores
626 2519 748 2602 agrariae
762 2517 846 2600 legis,
861 2517 899 2578 T.
924 2515 1067 2578 Menenio
1087 2515 1133 2574 di-

137 2622 180 2664 em
204 2606 349 2676 ‹licunt3¹
378 2603 500 2666 invidiae
523 2609 588 2663 erat
612 2600 753 2678 reinissum
777 2599 928 2660 Cremerae
948 2595 1132 2679 prnsiilium,

137 2701 225 2762 quum
237 2685 319 2747 hand
332 2685 436 2767 procul
450 2683 521 2744 inde
536 2681 645 2743 stativa
666 2681 769 2742 consul
789 2679 949 2740 habuisset.
990 2681 1064 2740 Eum
1080 2698 1134 2760 op-

138 2772 316 2900 presserunt.
356 2764 453 2838 Quum
468 2772 501 2823 et
521 2765 626 2826 Patres
639 2762 720 2822 hand
736 2760 843 2829 minis,
857 2761 946 2839 quim
957 2781 1014 2842 pro
1029 2757 1133 2818 Corio·

148 2861 209 2915 ano,
222 2845 323 2906 annisi
337 2849 447 2914 essent,
466 2852 498 2904 et
513 2843 605 2924 patris
620 2841 762 2924 Agrippae
777 2841 860 2908 soror
878 2839 956 2900 baud
977 2841 1049 2900 dum
1064 2859 1134 2900 exo-

140 2920 255 2988 levisset
267 2946 282 2996 ς
310 2924 342 2984 in
355 2925 468 2985 mulcta
482 2930 687 3003 temperetunt
701 2920 830 2990 tribuni;
854 2941 945 2999 quum
960 2920 1066 2999 capitis
1080 2939 1134 2980 an-

138 3003 308 3091 puisissent,
322 3004 382 3063 duo
395 3002 490 3061 millia
511 3003 579 3061 aeris
593 3002 732 3061 damnato
748 3001 888 3062 mulctam
907 3001 1066 3069 dixerunt3
1098 3021 1134 3061 ea

139 3092 270 3165 mcaput
283 3081 382 3144 vertit.
422 3082 544 3163 Negant
567 3081 673 3140 tulisse
693 3079 886 3161 ignominiam
912 3079 1133 3160 aegritudinem-

140 3177 215 3298 ἕξει.
243 3163 315 3224 inde
328 3165 429 3223 morbo
448 3164 638 3253 absumptum
657 3179 733 3220 esse.
775 3159 863 3218 Alius
877 3159 985 3219 deinde
999 3179 1067 3220 reus
1083 3161 1133 3254 Sp.

175 3243 288 3313 rvrlius,
298 3242 495 3304 utconsulatu
510 3242 591 3310 abiit,
605 3241 641 3301 C.
655 3238 769 3300 Nautio
780 3245 810 3298 et
826 3239 858 3298 P.
870 3239 989 3300 Valerio
1002 3242 1133 3306 coseoli-

139 3315 197 3411 bus,
208 3323 295 3386 initio
303 3323 403 3386 statim
417 3323 498 3392 anni,
507 3325 544 3383 ab
554 3323 591 3380 L.
602 3321 627 3380 C
637 3319 737 3380 udicio
748 3319 826 3380 etT.
841 3319 937 3380 Statio
948 3319 1072 3388 tribunis
1083 3319 1131 3382 die

140 3395 226 3472 docte,
246 3423 315 3475 non,
328 3411 363 3465 ut
376 3402 547 3470 Menenius,
567 3403 704 3482 precibus
716 3402 777 3461 suis
789 3411 840 3460 eut
850 3401 980 3470 Petrum,
995 3395 1132 3464 sed'b'um

140 3481 230 3542 nnita
239 3483 349 3545 fidncia
358 3483 539 3544 innocentiae
549 3484 721 3562 gratiaeque,
732 3481 1040 3565 tribuniciosimpetus
1052 3485 1131 3543 tulii.

141 3554 420 3702 fflicfffoefiuffi
433 3584 502 3623 cum
526 3561 636 3622 Tuscis
661 3561 699 3632 ad
712 3562 881 3622 laniculum
906 3571 971 3626 erat
993 3563 1130 3634 crimini;
1220 3603 1221 3616 .

214 3663 277 3702 ervi

299 3643 310 3702 i
323 3643 414 3704 animi
427 3645 481 3712 vir,
495 3650 530 3702 ut
540 3642 574 3702 in'
586 3641 703 3722 publico
722 3643 854 3722 periculo
868 3646 946 3713 ente,
961 3643 1004 3704 sic
1019 3649 1083 3702 turn
1098 3643 1130 3708 'm
1147 3687 1148 3692 η
1220 3717 1221 3720 ¹

144 3731 199 3790 tuo,
212 3741 270 3784 non
278 3723 412 3786 ttibunos
426 3724 524 3793 modu,
535 3723 588 3783 sed
603 3724 729 3804 plebem,
743 3725 876 3784 oratione
891 3723 981 3784 feroci
996 3724 1127 3784 reiutan·
1220 3771 1221 3782 ,

138 3793 184 3902 io,
202 3804 462 3947 exprobrandlopue
476 3798 514 3865 Τ.
536 3803 674 3869 Menenii
695 3803 915 3868 damnationem
935 3814 1128 3893 mortemque,
1220 3837 1221 3868 1
