2634 4392
550 292 681 353 nunu
694 285 756 354 11(
1105 290 1143 350 69

95 426 96 433 i
149 455 336 536 sospitesque
350 469 453 515 omnes
471 451 598 512 Romam
617 452 657 515 ad
677 450 857 534 propinquos
877 448 1018 512 restituit
1058 447 1157 522 Quod,
1222 489 1223 520 2

95 604 96 607 Ἴ
148 535 195 595 ubi
208 535 275 616 regi
295 535 468 594 nunciatum
489 538 543 602 est,
573 531 669 611 primi«
689 532 829 592 incensus
849 529 903 600 ira,
924 541 1054 592 oratores
1085 529 1145 588 Ro·

147 637 223 676 nam
237 615 322 676 misit
335 616 373 676 ad
394 612 533 673 C-loeliam
546 612 679 672 obsidem
699 611 938 692 deposcendum
972 610 1045 671 alias
1066 608 1146 669 baud
1222 609 1223 616 ’

147 695 247 776 magni
264 695 389 764 facem
409 692 518 753 deinde
531 691 562 752 in
582 691 807 753 admirationem
821 709 935 758 versus,
947 701 964 767 ‘f
976 690 1072 769 Supra
1085 689 1159 768 Cn·
1222 695 1223 760 ἶ

148 776 234 836 clites
248 775 453 854 Muciosque'’
466 771 566 834 dicere
588 772 648 831 “id
663 771 778 830 facinus
793 771 897 840 esse,”,
912 775 944 829 et
954 767 1018 852 'prae
1041 767 1146 828 sefer·
1222 787 1223 824 i

144 867 214 923 re‚“
224 855 487 934 quemadmodum,
507 851 533 912 si
545 872 605 912 uon
619 852 747 912 dedatur
759 852 854 918 obses,
867 858 1021 930 prerupto
1035 867 1067 908 sc
1088 847 1145 908 foe·
1222 903 1223 906 ,

148 935 206 994 dua
224 934 413 1004 habiturum
446 933 491 993 sio
511 931 653 1002 deditam,
673 923 854 990 inviolatam·
866 929 902 988 ad
918 947 986 988 suos
1007 926 1145 1010 remissu·
1222 951 1223 990 t

146 1017 244 1074 rum.''
287 1015 439 1094 Utrinque
454 1011 588 1072 constitit
598 1012 694 1078 lides;
714 1017 745 1070 et
759 1007 885 1068 Romani
895 1009 1002 1089 pignus
1016 1006 1097 1088 pacis
1107 1025 1146 1068 ex
1222 1039 1223 1066 i

141 1093 260 1156 taedere
281 1093 494 1155 restituerunt:
515 1098 547 1151 et
556 1091 640 1172 apud
660 1089 933 1170 regemlltruscum
948 1094 1085 1166 nontute
1099 1107 1146 1146 so-
1222 1119 1223 1150 1

144 1173 216 1243 lum,
238 1174 295 1234 sed
315 1174 457 1235 honorata
477 1171 576 1239 etiam,
602 1168 698 1230 virtus
718 1167 793 1228 tuit:
827 1167 1036 1246 laudatamque
1058 1167 1146 1305 virpi-
1222 1185 1223 1196 ¹

145 1271 211 1312 nem
226 1262 316 1334 perte
335 1253 469 1329 obsidum
490 1272 523 1312 se
543 1251 655 1311 donare
675 1248 771 1318 disits
799 1247 873 1329 ipsu,
894 1267 969 1327 quos
989 1247 1089 1316 vellet,
1115 1267 1132 1306 e

144 1342 249 1414 geret.¹
278 1332 438 1393 Pmductis
457 1330 601 1400 erunibus,
621 1329 746 1410 elegisse
766 1326 901 1420 impubes
917 1327 1045 1420 dicitur:
1065 1327 1146 1405 qudd
1222 1331 1223 1340 ’

146 1419 171 1472 et
183 1411 357 1493 virginitati
376 1412 528 1482 decorum,
541 1417 574 1472 et
596 1429 746 1469 concensu
760 1410 895 1469 obsidum
915 1427 1044 1488 ipsorum
1059 1409 1146 1486 prob·
1222 1439 1223 1468 ;

138 1492 222 1557 ,abile
246 1497 322 1560 erat,
348 1511 413 1551 eam
435 1488 555 1552 ertatem
575 1488 761 1572 potissimum
782 1487 900 1549 liberari
921 1491 957 1548 ab
970 1487 1063 1555 hoste,
1076 1505 1158 1565 quae
1222 1489 1223 1528 ἶ

143 1572 276 1632 maxime
295 1578 459 1651 opportuna
478 1570 596 1651 iujuriae
618 1575 706 1630 esset
746 1569 826 1628 Pace
852 1568 1065 1648 redintegrati,
1086 1567 1146 1626 Ro·

144 1652 223 1711 mani
238 1671 348 1713 novam
361 1652 394 1712 in
414 1651 525 1717 semine
538 1650 680 1708 virtutem
694 1668 769 1708 novo
789 1665 897 1728 genere
910 1645 1036 1715 honoris,
1048 1651 1148 1707 status
1222 1709 1223 1718 ¹

145 1731 288 1808 equestri,
307 1731 457 1791 donavere
467 1750 477 1799 ;
499 1728 538 1807 in
558 1747 672 1788 summa
693 1726 852 1786 Sacraria
871 1725 1044 1808 luitlposita
1064 1724 1147 1808 virgo
1222 1733 1223 1790 3

144 1808 281 1871 insidens
294 1831 382 1888 equo.
559 1844 561 1861 ·
1031 1868 1035 1873 .

181 1891 271 1949 XlV.
291 1891 372 1950 Huic
386 1896 448 1951 tam
461 1894 575 1970 pacatae
591 1887 768 1971 profectioni
787 1893 824 1950 ab
844 1892 916 1950 urbe
929 1887 1007 1969 regis
1028 1886 1148 1947 Etrusci

144 1968 305 2031 abhorrens
319 1991 392 2039 mos,
412 1970 540 2031 traditus
554 1973 592 2030 ab
603 1969 745 2048 antiquis,
759 1987 853 2048 usque
867 1969 905 2028 ad
927 1977 1058 2029 nostram
1074 1972 1147 2027 aeta-

144 2051 202 2108 tem
223 2049 306 2110 inter
326 2058 427 2110 cetera
440 2049 573 2108 solennia
587 2048 785 2109 manethonis
799 2047 972 2116 vendendis,
985 2050 1061 2107 bons
1075 2047 1147 2106 Por·

95 2155 96 2167 κ
144 2144 223 2188 senae
250 2128 331 2206 regis
351 2127 509 2186 vendendi.
549 2127 645 2204 Cujus
666 2126 807 2207 originem
828 2128 926 2194 moris,
947 2135 1070 2187 necesse
1090 2131 1146 2196 est.

144 2212 192 2264 eut
205 2207 293 2266 inter
305 2205 416 2266 bellum
430 2213 530 2264 natam
544 2221 732 2283 esse,·neque
743 2204 881 2265 omissam
895 2207 926 2264 in
939 2227 1035 2286 pace;
1055 2212 1108 2266 aut
1128 2206 1147 2266 a

144 2284 263 2346 mitiore
277 2283 407 2344 crevisse
421 2283 575 2365 principio,
588 2284 679 2362 qu*m
693 2283 739 2342 hic
748 2302 810 2364 pree
825 2305 856 2344 se
877 2284 954 2344 ferat
968 2285 1081 2355 titulus,
1094 2287 1146 2345 bo·

144 2380 182 2423 na
199 2363 352 2425 hostiliter
365 2364 524 2425 vendendi.
564 2364 734 2436 Proximum
747 2365 813 2425 veri.
831 2371 878 2424 est
892 2384 927 2424 ex
942 2363 988 2433 iis,
1002 2385 1068 2443 quae
1085 2371 1147 2426 tra·

145 2442 267 2514 duntnr,
280 2445 451 2516 Porseuam‚
470 2444 674 2505 discedentem
695 2447 732 2504 ab
744 2443 891 2513 laniculo,
905 2453 1003 2504 cestra
1022 2443 1146 2524 opulen-

145 2527 181 2590 ta,
195 2530 344 2584 convecto
366 2545 404 2584 ex
417 2525 591 2606 propinquis
604 2545 640 2584 ac
653 2523 800 2584 fertilibus
820 2525 950 2585 Etruriae
973 2524 1051 2584 arvis
1065 2545 1145 2584 eom·

145 2609 254 2673 meatu,
275 2605 418 2665 Romanis
431 2605 508 2665 dono
522 2605 651 2683 dedisse,
665 2603 746 2685 inopi
766 2612 828 2664 tum
842 2607 915 2664 urbe
929 2607 965 2664 ab
983 2603 1146 2687 longinqua

146 2681 297 2744 obsidione
308 2702 318 2754 ;
338 2704 374 2745 ea
387 2683 507 2754 deinde,
519 2704 560 2745 ne
573 2685 681 2765 populo
694 2684 826 2744 immisso
840 2682 1041 2764 diriperentur
1054 2683 1146 2744 hosti-

144 2758 219 2831 liter,
231 2763 361 2833 veuisse,
374 2767 510 2845 bonaque
530 2766 671 2824 Porsenoe
692 2765 849 2844 appellata,
869 2765 994 2846 gretiam
1015 2765 1146 2826 muueris

146 2841 234 2924 lurgis
256 2843 445 2924 significante
465 2844 568 2914 titulo,
592 2845 684 2924 quim
704 2844 872 2904 auctionem
893 2843 1022 2905 t‘ortunae
1044 2845 1144 2926 regiae,

149 2939 209 2996 quae
225 2933 266 2984 ne
279 2922 311 2981 in
325 2930 504 3002 potestatem
522 2924 643 3002 quidem
656 2923 757 3004 populi
779 2925 1006 2984 Romani-esset.
1047 2925 1144 2985 Omis-

148 3015 176 3058 so
188 3001 325 3063 Romano
337 3001 426 3070 bello,
447 3003 589 3071 Porsena,
602 3023 641 3061 ne
668 3003 778 3062 trustra
797 3004 829 3063 in
850 3023 886 3064 ea
907 3005 973 3063 loca
994 3005 1144 3066 exercitus

147 3079 292 3143 adductus
312 3081 474 3151 videretur,
501 3101 569 3161 cum
603 3089 688 3162 purte
708 3081 858 3163 copiarum
879 3083 973 3143 filium
996 3087 1155 3144 Aruntem'

148 3159 276 3223 Ariciam
290 3170 491 3243 oppugnatum
503 3161 604 3222 mittit.
624 3198 627 3202 -
645 3160 745 3220 Primo
760 3161 898 3222 Aricinos
912 3183 958 3223 res
972 3183 1028 3223 nec
1041 3163 1143 3244 opine·

147 3240 376 3329 leperoulerat3
407 3242 550 3303 arcessiti
570 3241 680 3302 deinde
694 3241 812 3311 auxilie,
833 3253 865 3302 et
880 3245 897 3301 l·
911 3243 1028 3304 Latinis
1048 3263 1142 3326 popu·

148 3314 190 3388 ln,
203 3329 235 3382 et
250 3324 266 3380 i
280 3321 394 3391 Clunia,
406 3327 523 3383 tantum
538 3322 603 3404 spei
622 3321 730 3389 fecere,
744 3330 777 3381 ut
791 3321 854 3382 acie
875 3323 1037 3384 decernere
1050 3325 1142 3386 aude·
1222 3367 1223 3384 ,

147 3407 220 3460 rent.
242 3466 252 3486 Ι
278 3401 390 3463 Proelio
410 3402 494 3472 inito,
513 3403 590 3482 adeo
610 3401 759 3464 concitato
778 3401 890 3482 impetu
913 3423 945 3463 se
979 3403 1143 3466 intulerant

149 3474 276 3550 Etrusci,
288 3489 323 3540 ut
333 3483 494 3543 funderent
514 3481 578 3562 ipso
598 3481 719 3542 incursu
736 3481 883 3542 Aricinos.
924 3484 1067 3544 Cumanus
1091 3505 1140 3543 co·
1222 3523 1223 3546 t

149 3551 254 3631 bortes,
269 3568 331 3620 arte
350 3563 493 3624 adversus
514 3563 574 3622 vim
587 3580 661 3630 usoe,
682 3561 870 3622 declinavere
891 3562 1075 3642 paullulum3
1096 3564 1140 3623 ef·
1222 3559 1223 3634 l

150 3632 271 3720 fuseque
291 3643 431 3721 praelatos
449 3643 550 3702 hostes
570 3642 723 3703 conversis
749 3641 842 3723 siguis
866 3645 902 3702 ab
921 3649 1006 3724 tergo
1027 3643 1140 3704 adortae

153 3725 223 3778 suut.
256 3721 312 3781 lta
331 3719 473 3816 inmediq
493 3723 661 3813 propejam
687 3721 814 3782 victores
829 3744 861 3782 cu
876 3721 900 3781 ei
914 3723 1051 3782 Etruseiz
1071 3742 1139 3803 pars
1222 3727 1223 3784 l

1191 3957 1197 3972 ,
1222 3895 1223 3950 l

151 3799 311 3885 perexigua,
323 3800 402 3870 duce
412 3823 533 3876 ammo,
544 3821 616 3884 qnia
626 3801 747 3866 nullum
756 3801 876 3886 propius
888 3801 1055 3886 pedagium
1065 3810 1138 3878 erut,
