2634 4392
160 300 219 390 rs's
576 325 617 386 r.
630 324 737 389 atur

159 505 247 568 reges
259 491 380 548 exactos
394 483 494 556 sciret,
519 485 685 565 eodemque
705 505 784 546 anno
797 484 903 546 sororis
922 481 1002 546 tilios
1015 480 1103 567 regis,
1129 491 1165 546 et
1232 474 1233 545 l

160 565 267 626 liberos
282 565 413 626 consulis
426 565 592 625 liberatoris
606 566 721 646 patriae,
748 571 869 645 propter
891 565 1060 646 pactionem
1080 566 1164 627 indi-

161 651 256 712 catam
277 646 514 725 recipiendorum
534 645 566 706 in
590 647 693 704 urbem
715 663 827 724 regum,
852 646 966 726 apatre
980 645 1080 705 securi
1094 667 1162 708 esse

159 743 317 804 percussos
333 745 342 794 3
363 745 400 784 ex
415 745 474 804 qua
486 723 672 784 ¹Collatinum
686 723 884 802 Tarquinium
899 726 1052 785 consulem
1066 727 1164 786 nomi·

158 803 207 864 nis
221 805 440 864 odio·.abdieare
462 823 494 864 se
515 809 690 884 magistratu
713 811 803 882 atque
817 805 953 864 exsulare
969 807 1110 884 jussum3
1126 805 1162 866 iu

159 901 221 962 qua
233 885 272 944 de
287 884 336 964 Sp.
351 883 466 952 Cassio,
480 890 547 964 post
567 883 683 962 aliquot
693 899 798 952 annos,
823 890 946 964 propter
953 884 1086 944 'consilia
1104 884 1163 947 iui-

157 968 191 1022 ta
213 965 252 1024 de
273 983 364 1044 regno
391 962 569 1044 supplicium
594 971 764 1042 sumptum
784 963 816 1023 in
830 980 890 1042 qua
903 981 999 1044 nuper
1010 964 1162 1025 decemvi-

158 1059 208 1102 ros
221 1043 315 1112 bonis,
336 1041 450 1112 exsilio,
471 1041 569 1122 capite
582 1043 743 1105 mulctatos
756 1044 793 1102 ob
807 1044 973 1123 superbiam
988 1043 1107 1124 regiam,
1127 1045 1160 1104 ia

159 1141 197 1202 ea
224 1125 275 1204 Sp.
299 1122 423 1182 Maelius
450 1141 533 1202 spem
561 1121 646 1204 regni
673 1122 853 1202 conceperit
892 1123 934 1182 Et
959 1123 1031 1202 quis
1049 1124 1163 1182 homot

160 1221 332 1281 quanquam
346 1202 459 1260 nullam
473 1201 668 1270 nobilitatem,
689 1200 788 1261 nullos
809 1202 943 1271 bonores,
956 1202 1044 1261 nulla
1055 1203 1161 1263 merita

159 1282 299 1360 cuiquam
314 1282 352 1344 ad
366 1280 598 1358 dominationem
610 1281 741 1360 pandere
755 1281 831 1340 dam
849 1303 858 1351 3
879 1281 931 1342 sed
952 1287 1056 1342 tamen
1069 1282 1162 1342 Clau·

159 1360 235 1430 dios,
255 1362 386 1428 Cassios,
411 1361 621 1431 consulatibus,
635 1358 895 1430 decemviratibus,
918 1361 982 1420 suis
1003 1363 1160 1443 majorum-

160 1459 219 1519 que
232 1439 400 1506 honoribus,
414 1437 572 1520 splendore
584 1439 765 1518 familiarum
780 1440 936 1500 sustulisse
950 1440 1076 1511 animos,
1102 1442 1161 1522 quo

158 1519 245 1579 nefas
258 1519 372 1579 fuerits
394 1517 444 1598 Sp.
458 1517 607 1588 Maelium,
632 1519 680 1586 oui
704 1519 873 1581 tribunatus
885 1519 983 1599 plebis
997 1522 1090 1602 magis
1109 1539 1126 1580 o
1149 1553 1161 1566 ·

157 1597 279 1667 tendas,
294 1619 383 1678 qaam
404 1597 580 1677 sperandus,
593 1597 694 1667 luerit,
703 1597 932 1659 frumentarium
946 1600 1079 1670 divitem,
1092 1600 1118 1658 b’
1132 1619 1161 1658 1-

157 1677 220 1740 bris
233 1677 321 1737 farris
335 1683 472 1770 sperasse
484 1677 654 1738 libertatem
675 1697 708 1737 se
722 1677 830 1738 civium
845 1697 966 1738 suorum
981 1680 1095 1750 eruisse,
1115 1679 1161 1738 ei·

157 1759 255 1837 boque
272 1757 439 1838 objiciendo
453 1764 549 1818 ratum
563 1757 706 1816 rictorem
720 1757 911 1817 finitimorum
923 1759 1058 1818 omnium
1067 1761 1166 1840 popu-

158 1836 264 1896 lumin
280 1838 453 1896 servitutem
469 1837 573 1917 perlici
586 1853 674 1918 posse
688 1857 697 1893 ε
717 1844 760 1905 at,
789 1856 878 1915 quem
903 1844 1071 1898 senatorem
1092 1856 1163 1898 oon·

158 1935 286 1992 coquere
301 1917 405 1976 civitas
418 1916 469 1974 vix
481 1920 591 2004 posset,
617 1935 716 1994 regem
729 1915 832 1985 ferret,
855 1916 972 1977 Romuli
987 1917 1164 1987 conditoris,
1232 1987 1234 1990 y

156 1998 195 2055 ab
210 1995 275 2052 Diis
290 1994 356 2062 orti,
380 2001 493 2073 recepta
506 1993 544 2053 ad
559 1995 648 2061 Deos,
662 1993 792 2074 insignia
813 2000 905 2074 atque
927 1996 1087 2076 imperium
1148 2029 1161 2042 ·
1232 2009 1234 2023 '

158 2077 287 2136 bentem.
328 2073 398 2134 Non
409 2094 463 2154 pro
477 2073 590 2134 scelere
605 2072 636 2132 id
647 2075 750 2155 magis,
774 2093 864 2152 quam
876 2095 931 2168 pm
943 2082 1088 2146 monstro,
1110 2075 1161 2136 ha-

159 2153 299 2215 bendum.
340 2153 408 2214 Nec
422 2153 495 2214 satis
509 2173 574 2214 esse
589 2152 734 2234 sanguine
748 2157 814 2234 ejus¹
827 2160 988 2235 expiatum,
1007 2155 1068 2216 nisi
1081 2162 1161 2218 tecta

182 2234 360 2312 arietesque,
386 2233 466 2294 intra
488 2253 557 2313 quae
577 2228 700 2293 tantum
718 2234 856 2294 amentiae
870 2239 1161 2328 conceptumasset

158 2253 396 2405 dissiparentur3
424 2316 569 2392 bonaque,
593 2318 733 2373 contacta
756 2313 860 2393 pretiis
887 2333 971 2396 regni
997 2313 1160 2385 meseandi,

159 2395 385 2473 publicarentur
399 2413 409 2464 ς
425 2395 530 2471 Jubere
553 2392 665 2470 itaque,
692 2394 1160 2473 quaestoresveodere-eabons,
1231 2442 1232 2465 ,

160 2479 252 2550 atque
265 2475 295 2532 in
309 2471 462 2552 publicum
475 2471 642 2552 redigere.’'

201 2553 285 2610 XVI.
307 2551 435 2610 Domum
449 2550 569 2621 deinde,
581 2557 616 2610 ut
629 2559 821 2618 monumento
831 2575 902 2618 area
913 2561 995 2617 esset
1008 2573 1161 2638 oppressae
1231 2592 1232 2627 r

159 2631 283 2692 nefariae
298 2629 380 2716 spei,
392 2629 470 2724 dirui
481 2631 629 2768 extemplo
634 2633 728 2710 jussit
741 2655 751 2706 3
770 2635 801 2703 id
815 2635 1047 2712 AEqaimaelium
1057 2655 1160 2727 appet-
1231 2648 1233 2699 ἑ

159 2719 254 2778 latum
268 2719 323 2774 est
364 2709 401 2770 L.
414 2710 578 2790 Minucruq
598 2729 652 2768 ove
667 2717 771 2769 aurato
784 2716 997 2792 extraportam
1010 2713 1162 2793 Tngemu·
1231 2752 1233 2761 ι

158 2815 229 2860 nam
244 2800 290 2854 est
303 2793 439 2862 donatus,
462 2809 501 2849 ne
514 2790 600 2869 plebe
612 2788 735 2926 quidem
748 2787 853 2859 invita,
880 2792 952 2870 quis
976 2790 1161 2853 frumentum

158 2876 346 2942 Maelianum,
370 2870 485 2931 assibus
508 2867 539 2930 iu
562 2888 610 2928 mo
633 2868 677 2928 ios
711 2869 903 2941 aestimatum,
936 2871 1017 2952 plebi
1049 2871 1161 2934 divisit.

159 2955 252 3018 Hunc
267 2950 446 3020 Minucium,
472 2947 551 3030 apud
571 2947 716 3027 quosdam
736 2956 882 3020 auctores,
905 2950 1050 3012 uansmse
1070 2951 1162 3013 aPa-

159 3035 255 3096 tribus
269 3031 307 3092 ad
320 3031 447 3113 plebem,
472 3027 725 3108 undecimumque
751 3030 901 3090 tribunum
922 3030 1018 3110 plebis
1038 3037 1162 3112 coopta-

84 3139 85 3154 *
159 3121 235 3186 tum,
260 3112 445 3179 seditionem,
469 3115 577 3170 motam
599 3129 637 3178 er
650 3108 796 3170 Maeliana
809 3109 905 3179 eade,
918 3111 1051 3178 sedasse,
1074 3110 1162 3171 inve·

84 3197 85 3206 ’
159 3195 220 3256 nio.
260 3192 405 3256 Ceterum
426 3189 477 3248 vix
491 3188 633 3249 credibile
647 3194 703 3257 est,
724 3208 882 3248 numerum
895 3189 1082 3250 tribunorum
1103 3191 1162 3251 Pa-

84 3279 85 3340 j
160 3278 222 3333 tres
235 3270 337 3352 augeri
350 3289 462 3351 passos,
485 3268 577 3350 idque
589 3267 786 3348 potissimam,
813 3265 981 3350 exemplum
1001 3270 1161 3350 aprunio

160 3351 279 3412 bomine
291 3350 493 3413 introductum
515 3368 523 3419 3
545 3367 599 3410 nec
614 3347 724 3406 deinde
744 3346 776 3407 id
788 3346 906 3428 plebem
920 3367 1097 3409 concessum
1112 3369 1162 3409 se·

160 3431 220 3495 mel
235 3427 407 3497 obtinuisse,
431 3431 487 3492 aut
501 3427 581 3486 certe
594 3433 728 3486 tentasse
743 3447 752 3486 ι
772 3425 826 3487 sed
847 3433 916 3489 ante
929 3429 1028 3489 omnia
1047 3429 1162 3489 refellit

159 3512 269 3576 falsum
282 3506 419 3588 imaginis
432 3507 553 3569 titulum
566 3505 670 3586 paucis
683 3508 753 3567 ante
767 3507 854 3568 annis
873 3508 939 3588 lege
964 3516 1096 3579 cautum,
1120 3529 1161 3570 ne

159 3589 288 3652 tribunis
313 3587 456 3678 collegam
482 3589 620 3679 adoptare
643 3585 758 3645 liceret
798 3587 835 3661 Q.
856 3586 1009 3659 Caecilius,
1034 3589 1161 3662 Q.Jun-

159 3671 216 3739 ius,
238 3670 319 3728 Sext
340 3665 483 3732 Titinius,
496 3666 551 3723 soh
578 3685 615 3723 ex
629 3665 754 3746 collegio
768 3665 949 3725 tribunorum
967 3687 1067 3745 neque
1080 3668 1162 3726 tule-

159 3755 229 3808 rant
243 3747 280 3805 de
294 3745 451 3804 honoribus
465 3742 594 3802 Minucii
607 3744 637 3802 le
657 3765 704 3804 em
719 3765 728 3814 3
748 3751 780 3804 et
792 3744 942 3804 criminari
955 3765 1037 3806 nunc
1051 3747 1160 3805 Minu·

160 3825 249 3890 cium,
263 3843 342 3884 nunc
357 3821 515 3892 Servilium
528 3821 608 3900 apud
621 3763 748 3902 piebem,
770 3815 914 3902 querique
936 3824 1089 3904 indignam
1103 3845 1160 3885 ne·

84 3903 85 3912 ’
159 3901 337 3965 semusta
350 3921 409 3964 uon
420 3899 607 3964 destiterant
647 3903 844 3969 Persicerunt
854 3902 956 3987 igitur,
974 3910 1010 3966 ut
1021 3903 1160 3968 tribuno·
1229 3974 1230 4015 p
