2634 4392
159 287 220 350 att
586 281 624 342 Τ.
638 279 747 342 mvn
861 279 874 304 ⁸

162 443 241 503 Lars
266 439 446 504 (l’olumnius
472 439 617 511 dedisset,
645 431 823 524 'responderi
851 440 966 522 jussit3
1000 440 1034 512 id
1061 441 1174 505 Patres

163 525 243 660 ξςςὲ
256 523 334 669 ppbssi
348 522 531 612 deerevere
542 529 575 582 ut
589 519 702 661 tripodi
711 521 848 662 (rlnilitnrp
861 521 900 580 de
912 519 992 659 ifrello
1005 521 1175 677 ipdicgunpp

194 624 259 664 een
304 621 339 662 us
383 620 596 680 nnroquoue
644 622 712 662 rea
812 621 896 660 uum
927 619 1014 660 erren

162 625 219 743 ubi
228 682 322 762 primi)
342 621 458 762 piomul
480 621 570 748 aturii
582 688 641 752 est,·
665 622 974 761 treaeiipjuventua'
993 682 1173 743 “Nondum

162 761 346 824 debellatum
360 783 428 823 cum
472 762 561 824 oiseis
575 777 641 826 esse
654 783 663 821 ε
677 762 774 823 modi>
792 759 854 827 duo
873 761 1014 841 presidia
1035 762 1171 823 occidio-

161 862 202 904 ne
216 841 324 917 occisa,
350 849 383 904 et
403 858 471 902 cum
484 842 617 924 periculo
627 842 763 902 retineri.
792 840 932 919 Nullum
946 859 1073 902 „annum
1096 863 1172 913 esse,

163 942 224 1003 quo
237 942 297 983 non
311 921 375 985 acie
389 919 569 986 dimicetur:
591 929 631 992 et,
643 924 788 1001 tauquam
808 920 957 1002 poeniteat
979 918 1104 991 laboris,
1118 943 1172 984 no·

161 1023 234 1063 vum
247 1003 357 1063 bellum
373 1023 445 1068 cum,
455 1001 582 1063 finitimo
593 1003 706 1094 populo
717 1008 750 1062 et
762 1001 971 1083 potentissimo
989 1002 1101 1080 parari,
1116 1003 1170 1081 qui

164 1103 282 1146 omnem
295 1082 447 1146 Etruriam
463 1082 504 1143 sit
517 1082 764 1144 concitaturus.”·
794 1081 872 1142 llaec
885 1087 941 1143 sua
955 1088 1065 1160 sponte
1074 1082 1171 1162 agito-
1230 1122 1232 1125 -

164 1167 217 1237 ta;
238 1164 361 1245 insuper
374 1161 485 1224 tribuni
511 1161 813 1243 plebis=aocenduntr
832 1172 850 1198 “
862 1159 1032 1220 Marianum
1055 1161 1170 1225 mltum
1230 1220 1232 1223 ,

164 1243 305 1312 Patribus
329 1263 396 1303 cum
422 1242 509 1334 plebe
536 1243 630 1316 esse’?
650 1241 812 1322 dictitant:
843 1252 938 1301 “eam
959 1240 997 1299 de
1020 1239 1170 1309 industria
1230 1254 1232 1273 ¹

166 1323 334 1384 vexandam
344 1321 463 1392 mittas,
477 1321 747 1400 trucidandamque
755 1321 888 1381 hostibus
899 1318 1009 1399 objici:
1022 1341 1089 1382 eam
1103 1342 1172 1402 pro·

166 1403 216 1462 cul
230 1401 417 1473 urbehaberi
429 1409 520 1480 atquo
533 1401 675 1484 ablegari,
700 1421 740 1465 ne
762 1401 844 1461 domi
867 1421 925 1482 per·
941 1399 1035 1460 otium
1057 1423 1170 1464 memor

165 1482 314 1548 libertatis
329 1481 580 1560 coloniarumque,
594 1481 724 1563 autogri
738 1481 859 1563 publici,
883 1486 935 1540 aut
949 1481 1082 1564 suffragii
1095 1483 1170 1544 libe·

165 1584 199 1622 re
212 1559 328 1626 terendi
353 1559 477 1632 consilia
500 1581 518 1620 a
538 1560 636 1623 ‘tetr”
656 1570 893 1642 prensantesque
917 1566 1082 1631 veteranos,
1110 1563 1170 1623 sti·

166 1641 277 1737 pendia
291 1640 437 1721 cujusque
446 1582 613 1704 etvuinera
623 1662 657 1710 ac
671 1641 826 1703 cicatrices
836 1641 1048 1725 numerabant:
1062 1643 1166 1720 “quid

163 1726 229 1802 pam
248 1720 358 1802 integri
380 1741 446 1782 esse
471 1721 507 1786 in,
522 1741 653 1802 corpore
674 1721 735 1789 loci,
753 1721 791 1783 ad
811 1741 889 1782 nova
912 1721 1039 1782 vulnera
1058 1723 1171 1802 accipi·

168 1802 271 1864 enda?
289 1800 365 1884 quid
392 1816 482 1882 super
501 1801 663 1882 sanguinis,
689 1801 752 1880 qui·
771 1801 835 1861 dari
856 1821 910 1882 pro
935 1802 1092 1880 republica
1101 1823 1170 1884 pos·

170 1881 265 1942 set?”
285 1881 460 1960 rogitantes·
500 1881 576 1940 flac
601 1901 692 1958 quum
711 1880 745 1941 in
759 1883 942 1956 sennonibus
962 1877 1170 1944 concionibus·

169 1980 229 2042 que
242 1959 394 2021 interdum
418 1958 567 2040 agitantes
579 1959 760 2020 auertissent
783 1956 903 2040 plebem
922 1963 958 2020 ab
976 1961 1170 2040 suscipiende

168 2041 550 2122 bello‚.prote1tur·tompus
563 2038 698 2100 ferundae
710 2039 805 2122 legis:
826 2061 925 2120 quam,
938 2045 963 2100 si
974 2041 1114 2120 subjecta
1125 2044 1169 2102 in·

100 2139 103 2158 ³
169 2121 260 2186 vidiae
275 2117 366 2190 esset
385 2119 535 2199 antiquari
549 2122 719 2200 apparebat.
975 2187 978 2192 ¹
1010 2187 1015 2196 .

210 2201 294 2266 LIX.
316 2201 441 2262 Interim
455 2199 588 2260 tribunos
603 2199 733 2262 militum
746 2198 776 2261 in
794 2202 936 2261 Volscum
952 2221 1058 2282 agrurn
1083 2201 1169 2265 duce·

169 2285 208 2343 re'
217 2281 383 2345 exercitum
396 2280 519 2362 placuit.
561 2281 618 2340 Cu.
638 2281 796 2342 Cornelius
819 2302 895 2341 uuus
922 2283 1027 2344 Romae
1041 2283 1170 2344 relictus.

170 2363 250 2424 Tres
264 2361 566 2442 tribuni‚*postquam
587 2361 669 2420 nullo
693 2360 759 2420 loco
782 2364 883 2426 ⁴castra
896 2360 1073 2422 Volscorum
1095 2384 1171 2432 esse,

171 2463 229 2504 nec
241 2443 447 2505 commissuros
462 2461 494 2499 se
507 2440 615 2520 proelio
628 2442 776 2520 apparuit,
795 2441 947 2521 tripartitis
961 2443 1001 2503 ad
1015 2444 1170 2503 derman-

173 2523 229 2582 dos
244 2523 330 2598 ,fines
357 2522 533 2582 discessere.
587 2520 735 2581 Valerius
754 2521 880 2582 Antium
906 2523 993 2602 petit,
1017 2521 1171 2583 Cornelius

171 2603 342 2662 Ecetras-e.
349 2619 544 2680 quacumque
557 2599 718 2670 incessere,
748 2602 809 2661 late
835 2603 970 2682 populati
999 2613 1072 2664 sunt
1093 2611 1171 2663 tecta
1230 2630 1232 2635 ·

173 2689 377 2762 agrosquaut
389 2679 570 2741 distinerent
583 2681 709 2741 Volscos
724 2703 732 2739 ι
753 2681 871 2753 Fabius,
885 2683 964 2760 quod
980 2684 1108 2743 maximi
1120 2704 1171 2762 pe·
1230 2686 1232 2759 f

172 2765 301 2830 tebatnr,
328 2759 367 2819 ad
389 2761 499 2822 Anxur
513 2759 744 2842 oppugnandum
759 2761 824 2823 sine
837 2760 900 2822 ulla
913 2762 1106 2844 populatione
1125 2783 1171 2822 ac·
1230 2770 1232 2897 p

174 2840 274 2909 cessit.
315 2842 421 2900 Anxur
431 2838 509 2910 fuit,¹
520 2856 681 2918 quaenunt
695 2838 869 2902 'lamaoinae
884 2849 955 2901 sunt
969 2862 979 2912 3
999 2845 1072 2904 urbs
1084 2863 1170 2922 prona

172 2917 375 3002 in'paludes3
396 2921 432 2980 ab
447 2913 495 2978 'ea
516 2926 600 3000 parte
628 2919 737 2984 Fabius
760 2921 1012 3002 oppugnationem
1035 2922 1173 2982 ostendit
1230 2906 1232 2979 i

174 3000 398 3062 circummissae
413 3006 540 3078 quatuor
554 2999 688 3066 cobortes
702 3002 821 3077 cumC.
835 3002 963 3063 Servilio
971 3003 1072 3063 Ahala
1085 3022 1172 3082 quum
1230 3028 1232 3033 ·

173 3083 378 3144 imminentem
397 3079 464 3143 urbi
488 3079 788 3161 collem'copissent'3
822 3101 859 3142 ex
883 3082 949 3144 loco
972 3084 1089 3152 altiore,
1112 3088 1173 3159 quei
1230 3046 1232 3133 l

174 3164 292 3224 nullum
306 3159 566 3302 eratdpraesidium
588 3161 705 3241 ingenti
726 3160 854 3222 clamore
868 3182 904 3221 ao
918 3163 1051 3223 tumultu
1066 3160 1175 3221 moenis
1230 3166 1232 3171 '

174 3243 370 3311 invaseram
421 3261 511 3320 quern
539 3241 698 3301 tumultum
726 3241 934 3320 obstupefacti,
957 3242 1011 3324 qni
1034 3244 1175 3303 adversus

175 3321 298 3384 Fabium
313 3325 415 3382 urbem
429 3319 561 3380 infimam
575 3323 744 3390 tuebantur,
764 3321 864 3381 locum
884 3323 1002 3382 dedere
1010 3324 1109 3383 scalas
1122 3323 1176 3382 ad·

175 3401 324 3470 movendi,
338 3403 486 3481 plenaque
497 3399 626 3462 hostium
640 3408 854 3472 cunctamur,
868 3408 899 3462 et
911 3402 1036 3462 immitis
1049 3400 1103 3463 diu
1115 3422 1177 3462 cae-

175 3483 231 3543 des
255 3480 366 3562 pariter
389 3479 565 3561 fugientium
591 3500 626 3539 ac
650 3481 853 3541 resistentium
880 3487 1063 3542 armatorum
1085 3488 1177 3560 atoue

175 3562 334 3624 inermium
360 3560 440 3630 fuit3
461 3563 641 3641 cogebantur
667 3559 769 3639 itaque
796 3561 877 3632 victi,
903 3561 975 3640 quia
1001 3562 1180 3621 cedentibus

176 3642 240 3722 spei
252 3639 325 3702 nihil
340 3645 413 3708 erat,
432 3659 562 3720 pugnam
576 3638 651 3700 inire
666 3660 674 3697 r
695 3661 787 3718 quum
837 3641 1029 3704 enunciatum
1044 3643 1179 3722 repenti,

174 3741 214 3782 ne
228 3720 294 3800 quis
305 3725 415 3800 proeter
438 3724 566 3779 armatos
579 3717 751 3789 violaretur,
774 3741 807 3779 re
819 3719 919 3799 iquarn
942 3741 1059 3780 omnem
1074 3720 1180 3779 multi·

174 3801 311 3860 tudinem
325 3795 521 3858 voluntariam
535 3797 617 3857 enuit
630 3799 721 3860 armis
735 3821 744 3858 r
764 3819 888 3879 quorum
908 3800 947 3859 ad
962 3801 1022 3860 duo
1035 3800 1136 3860 millia
1150 3806 1179 3858 et

175 3877 329 3957 quingenti
352 3875 413 3938 vivi
425 3875 619 3960 xcapiunturr
640 3879 660 3940 a
681 3891 780 3944 cetera
800 3878 1022 3960 prodonamus
1045 3878 1178 3940 militem
