2634 4392
148 324 210 428 sss
233 323 239 330 ·
570 298 610 380 s.
623 317 730 381 mvn

147 487 181 544 ta
190 482 224 544 in
236 479 354 544 doliolis
365 478 479 541 sacello
487 478 622 561 proximo
632 479 750 560 sedibus
767 451 897 541 flaminis
912 460 1091 553 Quirinalis,
1105 481 1155 544 ubi

81 564 82 581 ²
148 581 230 624 nuuc
256 560 362 641 despui
378 559 486 642 ‘religio
512 563 570 629 est,
593 555 756 631 defodere}
777 566 877 621 cetere
898 559 978 620 inter
997 580 1040 620 se
1064 582 1156 624 onere

147 641 258 784 partito
283 641 387 702 ferunt
409 640 471 709 vit,
482 657 551 718 quae
575 637 701 698 sublicio
713 645 804 720 ponte
817 639 902 710 ducit
916 639 955 699 ad
970 637 1153 704 ianiculum.

166 742 186 782 n
208 740 243 781 eo
257 719 337 781 clivo
361 739 413 780 eas
422 737 515 798 quum
528 717 567 777 L.
577 715 728 787 Albinius,
742 717 781 778 de
805 719 889 800 plebe
903 718 1043 780 Romans
1056 721 1154 792 homo,

147 799 364 882 conspexisset,
378 799 511 882 plaustro
534 799 690 878 cou'ugem
703 817 739 858 ec
760 797 868 859 liberos
877 799 993 860 vehens
1005 799 1087 864 inter
1101 821 1154 862 ce·

147 888 245 942 terem
271 883 397 949 mnam,
424 899 492 958 qum
513 876 564 936 inu
581 877 587 890 '
603 876 628 935 's
649 875 728 937 bello
748 877 820 938 urbe
846 879 1036 950 excedebet3
1068 881 1156 945 selvo

148 961 239 1024 etism
252 967 317 1021 tum
334 956 505 1020 discrimine
518 951 688 1018 divinarum
701 957 953 1040 humanarumque
978 977 1089 1032 rerum,
1109 961 1155 1020 ir·

148 1039 321 1135 religiosum
344 1038 441 1108 ratus,
463 1037 643 1110 secerdotes.
659 1036 794 1118 publicos
807 1055 951 1130 sacraque
976 1040 1159 1120 populiRo·

149 1140 233 1183 mans
245 1117 436 1202 pedibusire2
445 1115 578 1197 ferrique
592 1136 603 1189 3
623 1138 656 1180 se
666 1137 702 1178 ec
717 1135 784 1177 suos
799 1116 830 1177 in
841 1117 979 1178 vehiculo
996 1119 1132 1202 conspici
1146 1142 1158 1192 ς

149 1200 333 1262 descendere
346 1217 469 1259 uxorem
492 1217 527 1258 ac
547 1217 655 1280 pueros
675 1196 776 1278 jussit,
798 1195 928 1279 virgines
952 1207 1101 1278 sacraque
1119 1199 1155 1262 in

148 1280 317 1372 plaustrum
329 1275 473 1360 imposuit
484 1297 496 1350 3
516 1284 548 1339 et
571 1278 671 1348 Gaere,
698 1295 757 1356 quo
781 1272 840 1337 iter
853 1277 1060 1340 sacerdotibus
1080 1285 1157 1352 erat,

146 1365 397 1499 pabbiitltomae
411 1428 636 1529 interimus-atis
654 1437 720 1517 jam
735 1438 879 1524 omnibus,
893 1437 973 1500 utin
988 1436 1044 1502 tali
1055 1459 1102 1512 re,
1115 1439 1156 1500 ed

148 1519 292 1580 tuendam
313 1536 411 1577 arcem
426 1521 608 1598 compositis,
627 1518 717 1577 turbs
735 1517 897 1587 seniorum*
918 1519 1022 1579 domes
1037 1537 1155 1600 regres-

148 1617 192 1667 ss,
215 1597 378 1658 adveutum
400 1593 533 1656 hostium
543 1593 692 1657 obstinato
712 1596 752 1658 ed
765 1602 890 1657 mortem
904 1597 1002 1658 animo
1026 1617 1154 1678 exspec-
1236 1621 1237 1670 3

147 1678 232 1738 neec
245 1696 254 1748 ;
268 1673 327 1756 'qui
351 1696 453 1736 eorum
465 1676 587 1736 curules
599 1681 755 1756 gesserant
775 1675 976 1758 magistratus,
989 1684 1023 1738 ut
1044 1677 1078 1738 in
1089 1676 1154 1739 for-

146 1761 233 1818 tunoe
255 1755 390 1838 pristine
411 1756 616 1833 bonorumque
639 1759 692 1814 aut
724 1753 842 1816 virtutis
863 1756 1031 1836 insignibus
1055 1779 1155 1822 more·

148 1843 262 1906 rentur,
269 1854 338 1914 quse
351 1831 561 1915 augustissime
575 1833 668 1893 vestis
679 1839 729 1896 cst
740 1840 842 1893 tensas
852 1835 1035 1896 ducentibus
1049 1837 1155 1898 trium·

146 1915 356 2056 pbsntibusvc,
374 1918 411 1974 es
425 1912 526 1972 vestiti
539 1909 637 1972 medio
650 1911 763 1972 sedium
789 1911 925 1974 eburneis
939 1914 1025 1975 sellis
1039 1917 1153 1978 sedere,

172 1997 235 2063 unt,
243 1992 308 2074 qui,
320 1993 366 2052 M.
380 1990 470 2051 sabio
483 1989 626 2070 pontifice
639 1987 767 2052 maximo
780 1989 927 2072 praefante
946 2014 1082 2070 carmen,
1102 1997 1157 2058 de·

147 2071 266 2133 vovisse
289 2090 341 2140 eos
353 2089 453 2149 sepro
475 2068 573 2150 patrie
592 2066 819 2151 Quiritibusque
839 2073 993 2144 Romanis.
1021 2075 1156 2139 madent.

148 2151 241 2221 Galli,
267 2149 383 2231 etquis
396 2147 572 2230 interposita
586 2155 675 2209 nocte
696 2151 718 2210 ‘a
731 2152 922 2236 contentione
936 2155 1050 2236 pugnae'
1061 2157 1155 2218 remi·

147 2237 250 2294 serent
266 2231 391 2302 animos,
404 2235 436 2290 et
448 2229 531 2308 qudd
544 2248 600 2289 nec
613 2228 644 2289 in
658 2229 723 2310 scie
737 2229 860 2312 ancipiti
873 2249 1002 2312 usquam
1015 2241 1156 2298 certave-

145 2316 217 2374 raut
229 2310 346 2392 proelio,
371 2329 428 2370 uec
450 2316 517 2369 tum
529 2308 642 2389 impetu
668 2315 721 2369 aut
732 2309 763 2369 vi
777 2311 933 2391 capiebant
946 2316 1058 2383 urbem,
1083 2315 1153 2376 sine

147 2391 203 2461 ira,
229 2391 294 2451 siue
317 2389 423 2451 ardore
443 2387 606 2466 animorum
630 2387 759 2470 ingressi
779 2397 895 2470 postero
909 2390 959 2454 die
973 2397 1070 2454 urbem
1091 2413 1151 2473 ps-
1235 2453 1236 2478 p

146 2475 233 2530 tente
255 2468 377 2529 Collina
466 2474 493 2535 a,
516 2468 548 2526 in
572 2467 669 2527 forum
691 2469 880 2549 perveniunt,
904 2471 1155 2535 circumferentes
1235 2495 1236 2528 1

147 2550 251 2610 oculos
272 2549 311 2609 ed
324 2556 406 2627 temp
418 2565 437 2606 a
449 2546 549 2606 neom
563 2565 731 2628 arcemque,
755 2549 849 2610 solam
875 2551 948 2610 belii
960 2554 1089 2633 speciem
1104 2558 1155 2616 te-

146 2633 279 2690 nentem.
319 2625 406 2697 Inde,
427 2624 545 2687 modico
558 2626 668 2688 relicto
681 2627 827 2708 presidio,
855 2629 987 2712 (nequis
1007 2631 1040 2704 in
1059 2633 1153 2694 dissi·

186 2714 233 2766 tos
246 2724 285 2764 ex
297 2726 366 2764 erce
380 2709 447 2765 out=
457 2703 605 2784 Cepitoiio
618 2706 747 2784 impetus
760 2707 857 2790 fieret)
883 2707 992 2802 dilapsi
1015 2713 1054 2771 sd
1073 2733 1151 2792 prm-

146 2727 216 2846 dim
229 2782 333 2844 vacuis
344 2799 471 2843 occursu
485 2782 637 2842 hominum
650 2783 718 2852 viis,
741 2804 811 2865 pers
824 2788 855 2848 in
871 2797 1003 2866 proxime
1017 2811 1151 2884 quaeqne

145 2868 296 2926 tectorum
348 2862 426 2922 mine
439 2866 555 2932 ruunte
574 2881 644 2942 pers
657 2862 773 2934 ultima,
798 2867 883 2928 velut
904 2889 939 2930 ea
960 2869 1083 2930 demum
1102 2891 1152 2930 rn-

145 2947 229 3004 tects
242 2951 274 3002 et
286 2961 319 3002 re
331 2949 397 3002 erte
408 2939 522 3022 prode,
582 2946 674 3014 tants
694 2941 764 3004 inde
792 2965 893 3024 rursus
907 2943 972 3030 ipss
987 2950 1154 3012 solitudine

146 3021 305 3092 absterriti,
325 3041 366 3082 ne
375 3039 436 3101 qua
448 3021 531 3081 fraus
571 3021 668 3082 ostilis
681 3035 771 3106 vegos
782 3026 943 3108 exciperet,
955 3029 988 3088 in
1002 3029 1097 3093 sorum
1113 3051 1153 3090 sc

144 3103 313 3184 propinque
336 3101 400 3162 foro
423 3099 491 3162 loca
514 3101 682 3194 conglobati
708 3104 869 3178 redibunt3
888 3107 939 3168 ubi
966 3129 1038 3180 eos,·
1054 3109 1151 3190 plebis
1234 3161 1235 3176 ,

147 3182 285 3244 adificiis
305 3181 458 3257 obseratis,
480 3183 648 3260 patentibus
669 3182 753 3244 striis
786 3185 944 3279 rincipum‚
965 3193 1024 3248 ma'
1046 3211 1062 3248 r
1079 3210 1157 3270 pro·
1234 3207 1235 3248 t

145 3261 349 3400 pecunctatio
361 3263 482 3323 tenebat
495 3267 606 3342 aperta,
633 3262 724 3342 quem
746 3205 849 3328 ciiu'se
869 3268 998 3330 inveden
1021 3270 1054 3340 i3
1074 3269 1160 3331 adeo

166 3340 226 3399 aud
238 3361 326 3401 secus
338 3342 429 3422 qudm
445 3341 643 3401 venerabundi
656 3341 849 3406 inurebantur
869 3346 901 3406 in
922 3345 1033 3407 sedium
1055 3350 1160 3410 vesti·

145 3419 224 3478 bulis
247 3420 386 3480 sedentes
407 3420 497 3489 viros,
519 3425 631 3502 praeter
647 3431 791 3484 ornatum
815 3424 1005 3506 habitumque
1019 3427 1158 3490 humano

145 3500 354 3580 augustiorem,
367 3500 524 3578 majestate
537 3499 637 3569 etism,
664 3521 754 3580 quam
767 3504 868 3565 vultus
881 3507 1072 3586 gravitasque
1087 3509 1159 3570 oris

144 3597 208 3658 prae
238 3597 270 3637 se
297 3578 418 3646 ferebat,
446 3577 612 3639 simillimos
636 3580 712 3642 Diis.
754 3584 803 3642 'Ad
825 3603 874 3645 eos
888 3587 973 3646 velut
986 3588 1157 3652 simulacre

144 3657 224 3716 versi
237 3675 330 3736 quum
351 3662 483 3727 starent·
498 3658 542 3717 M.
556 3658 695 3740 Papirius
708 3677 799 3723 unus*
810 3681 847 3724 ex
859 3663 905 3724 his
919 3663 1031 3726 dicitur
1046 3668 1159 3741 Gallo,

144 3735 264 3796 barbam
279 3744 496 3803 suom‚'uttum
516 3738 651 3799 omnibus
671 3743 815 3820 promissa
836 3749 909 3813 erat,
937 3745 1158 3824 permulcenti,

143 3814 722 3960 assecutus
735 3841 951 3964 usus
966 3831 1160 3970 stirs

528 3916 579 3967 ,c
628 3917 677 3960 ros
701 3920 769 3962 uns
839 3921 952 3964 ussuss
1016 3924 1086 3968 cra
