2634 4392
509 148 595 156 ...--..
620 150 649 153 ...

1217 148 1218 209 l

536 269 802 389 tranans*
884 264 912 381 .'
993 322 1135 391 «ar

1192 420 1218 485 ,l

99 509 100 518 ¹
142 482 360 556 discordiarum,
378 486 500 547 iterum'
512 504 548 547 ac
559 488 685 548 tertium
707 484 841 547 tribunos
860 482 997 565 pessimis
1023 480 1137 548 artibus

140 570 215 651 regit
229 568 351 629 licentii
366 568 475 627 vivere.
516 570 577 626 Α;”
590 567 699 646 inquit,
725 566 804 626 “ille
825 564 987 645 Virginius,
1034 564 1083 625 uia
1104 565 1136 627 iu
1217 564 1218 607 ἕ

141 649 283 730 Capitolio
298 668 357 707 aon
370 646 443 717 duit,
464 647 561 706 minus
588 646 736 727 supplicii,
756 646 847 725 quim
868 646 926 724 Ap.
949 584 1136 713 Herioniusu
1217 644 1218 717 l

140 729 261 789 meruit?
281 729 349 808 plus
362 727 483 787 hercule
496 727 660 805 aliquanta,
674 727 727 805 qui
739 727 809 786 veri·
824 744 887 783 rem
904 724 1054 784 aestimare
1079 744 1132 785 ve·
1217 728 1218 791 l

141 810 180 869 lit.
215 807 402 877 Herdonius,
422 807 637 875 sinibilaliud,
650 807 765 867 hostem
779 824 811 864 se
824 803 946 863 latendo
967 804 1058 885 prope
1080 805 1135 865 de·
1217 804 1218 829 ³

141 888 299 956 nunciavit,
318 894 353 947 ut
366 906 448 947 arma
469 887 638 967 caperetisr
669 886 726 955 laic,
746 885 882 965 negando
895 883 975 943 bella
989 902 1064 954 esse,
1086 904 1134 944 ar·
1217 928 1218 933 η

140 989 186 1028 ma
205 968 288 1028 robis
309 966 433 1035 ademit,
446 966 602 1045 nudosque
615 965 831 1026 seruis'vestris
845 969 876 1024 et
890 962 1039 1023 exsulibus
1053 966 1133 1043 obje-
1217 958 1218 989 ³

141 1048 187 1107 rit.
225 1049 266 1109 Et
280 1067 333 1106 vos
348 1045 538 1127 (uersauit
553 1066 635 1126 pace,
649 1052 681 1105 et
700 1046 733 1103 P.
757 1044 870 1103 Valerii
884 1044 993 1103 mortui
1017 1044 1134 1123 loquar)
1217 1092 1218 1097 ,

140 1128 216 1208 prius
229 1127 263 1186 iu
286 1126 396 1186 clivum
410 1125 612 1206 Capitolinum
627 1124 711 1205 signa
724 1124 878 1191 intulistis,
890 1124 980 1201 quim
994 1123 1047 1182 hos
1068 1123 1153 1182 hos·
1217 1122 1218 1177 l

139 1214 180 1267 tes
192 1208 232 1267 de
246 1208 310 1267 foro
321 1206 491 1266 tolleretis?
532 1204 631 1277 Pudet
644 1206 774 1265 Deorum
789 1204 1021 1281 hominumque3
1042 1222 1136 1281 quum
1217 1204 1218 1277 3

139 1286 233 1347 hostes
259 1286 292 1346 in
315 1303 393 1355 arce,
413 1286 445 1344 in
466 1284 614 1364 Capitolio
641 1288 756 1353 essent,
772 1284 907 1343 exsulum
927 1290 958 1341 et
985 1302 1137 1345 servorum
1217 1282 1218 1369 ᾗ

141 1366 207 1433 dux,
220 1367 385 1447 profanatis
404 1366 549 1433 omnibus,
562 1365 593 1424 in
608 1365 686 1425 cella
705 1362 788 1425 loris
803 1362 913 1444 optimi
921 1362 1040 1421 maximi
1054 1362 1138 1422 babi·
1217 1376 1218 1403 ³

139 1453 223 1515 taret,
244 1445 373 1503 Tusculi
382 1446 461 1514 ant),
471 1447 560 1524 quim
570 1446 687 1513 Romae,
698 1450 816 1524 sumpta
826 1450 897 1502 sunt
909 1462 999 1501 arma.
1031 1442 1065 1500 ln
1077 1441 1134 1501 du·

139 1526 182 1585 bio
204 1525 274 1593 fuit,
287 1532 386 1584 utram
400 1526 436 1583 L.
450 1524 605 1584 Mamilius
618 1524 812 1583 Tusculanus
826 1523 897 1591 dux,
919 1542 956 1581 an
971 1522 1005 1579 P.
1019 1520 1135 1581 Valeri·

135 1617 171 1663 us
180 1611 213 1664 et
224 1604 412 1664 &Claudius
424 1605 560 1665 consules
570 1606 733 1665 Romanam
742 1622 841 1662 arcem
853 1602 1029 1661 liberarent:
1044 1606 1075 1662 et
1085 1599 1138 1681 qui
1217 1674 1218 1683 χ

140 1684 355 1753 anteLatiuos,
370 1703 409 1743 ne
419 1704 473 1762 pro
486 1690 520 1743 se
533 1684 651 1762 quidem
665 1682 747 1763 ipsis,
758 1700 849 1760 quum
860 1682 892 1739 in
904 1680 1010 1739 finibus
1022 1678 1138 1741 hostem
1217 1724 1218 1727 ,

139 1764 292 1832 luberent,-
301 1765 448 1843 attingere
460 1783 543 1821 arma
557 1763 634 1842 passi
648 1780 769 1829 sumus;
792 1780 881 1829 nunc,
895 1758 951 1819 nisi
966 1760 1066 1839 latmi
1081 1765 1138 1820 sua

140 1851 243 1923 sponte
252 1862 335 1903 arma
343 1860 407 1901 sum
431 1840 550 1912 sissent,
559 1842 637 1922 capti
651 1848 682 1900 et
691 1840 784 1901 deleti
796 1858 922 1900 eramus.
944 1838 1138 1909 llocest,t1i·

139 1923 216 1991 buni,
230 1924 373 1983 auxilium
395 1862 474 2002 plebi
494 1922 581 1990 ferre,
594 1922 736 1981 inermem
752 1942 816 1981 eam
840 1919 916 1979 hosti
929 1918 1138 1980 trucidandam
1217 1960 1218 1967 .

139 2003 277 2081 objicere?
286 1987 417 2069 Scilic'et,
428 2002 454 2060 si
462 2002 530 2081 quis
537 2002 619 2062 robis
630 2002 811 2062 numillimus
821 2000 906 2059 homo
916 1998 954 2059 de
963 2006 1063 2059 vestra
1072 1999 1137 2080 ple·

138 2083 192 2152 be„
207 2083 312 2162 (quam
337 2084 461 2161 partem,
480 2082 564 2141 velut
587 2085 742 2161 abruptam
769 2084 785 2140 a
809 2086 909 2139 celero
929 2080 1048 2171 populo,
1068 2099 1136 2139 ves·

140 2171 214 2221 tram
229 2148 355 2240 pat‘riam
381 2160 621 2244 peculiaremque
637 2158 848 2241 rempublicam
876 2158 1001 2239 fecistis)
1023 2159 1137 2239 siquis

140 2262 173 2301 ex
185 2241 236 2302 his
250 2240 368 2299 domum
398 2260 480 2299 suam
490 2243 649 2299 ⁴obsessam
673 2243 695 2304 εἴ
710 2239 822 2299 familia
836 2245 948 2299 amuata
971 2238 1137 2311 nunciaret,

139 2320 294 2381 ferendum
315 2319 457 2379 auxilium
481 2311 636 2399 putaretis.
696 2319 816 2400 Jupiter
833 2340 850 2378 o
871 2318 962 2379 timus
982 2318 1137 2389 maximus,

140 2401 378 2477 exsulumatque
393 2418 543 2459 servorum
566 2412 667 2479 septus
688 2402 787 2469 armis,
814 2340 897 2458 nulla
924 2398 1054 2457 humana
1081 2418 1138 2479 ope

141 2481 245 2561 dignus
258 2481 344 2539 erati
365 2485 397 2537 et
410 2478 440 2537 hi
465 2480 628 2559 postulant,
641 2485 675 2539 ut
690 2480 872 2539 sacrosancti
884 2478 1057 2546 habeantur,
1070 2478 1138 2557 qui·

141 2561 191 2619 bus
204 2560 263 2639 ipsi
277 2559 329 2617 Dii
341 2578 438 2638 neque
455 2560 540 2624 sacri,
554 2579 652 2637 neque
666 2559 763 2619 sancti
777 2560 870 2619 suut?
892 2557 1039 2625 atenim,
1060 2557 1137 2618 divi·

142 2640 184 2699 nis
204 2639 402 2719 humanisque
416 2639 512 2698 obruti
527 2639 696 2707 sceleribus,
711 2639 805 2719 legem
820 2658 873 2697 vos
895 2638 949 2697 hoc
966 2640 1044 2699 anno
1070 2658 1137 2718 per·

142 2718 249 2780 laturos
270 2718 440 2779 dictitatis?
462 2719 543 2778 Tum
570 2718 690 2778 hercula
710 2719 763 2777 illo
791 2717 849 2787 die,
869 2737 929 2798 quo
955 2736 1008 2799 ego
1032 2718 1137 2778 consul

143 2818 201 2859 sum
215 2811 345 2867 creatas,
359 2800 436 2868 mal-3
462 2805 548 2879 gesta
561 2799 728 2879 respublica
741 2804 796 2867 est,
818 2800 904 2878 pejus
918 2799 1023 2867 multo,
1046 2818 1085 2879 qu
1094 2800 1137 2858 im
1208 2858 1214 2865 ,

143 2893 226 2957 quum
242 2882 276 2939 P.
291 2879 428 2938 Valerius
453 2878 557 2937 consul
571 2879 669 2957 periit,
691 2879 716 2937 si
737 2877 873 2938 tuleritis.
926 2879 993 2949 lam
1006 2877 1136 2958 primum

143 2960 301 3027 omnium„
315 2958 423 3035 inquit,
446 2969 463 2992 “
473 2956 616 3029 Quirites,
629 2957 668 3015 in
683 2958 806 3017 Volscos
821 2964 852 3017 et
875 2959 993 3035 AEquos
1006 2957 1077 3016 mibi
1091 2965 1138 3017 at·
1198 2976 1200 2984 ’
1217 3018 1218 3025 χ

112 3053 116 3065 ·
144 3056 197 3115 que
219 3040 344 3119 collegae
359 3035 616 3115 legionesduaere
636 3036 669 3091 in
683 3037 780 3094 animo
791 3044 846 3095 est.
887 3035 1073 3114 Nescioquo
1093 3036 1138 3097 fa·
1217 3034 1218 3087 ἒ

143 3122 169 3175 to
184 3120 276 3201 magis
300 3117 456 3184 bellantes,
476 3115 566 3194 quim
594 3113 701 3194 pacati,
719 3115 860 3193 propitios
880 3114 1022 3175 habemus
1037 3116 1137 3187 Deos;
1217 3128 1218 3163 i

144 3207 281 3273 qnantum
295 3196 460 3279 pauculum
474 3197 511 3253 ab
529 3193 591 3252 illis
605 3192 721 3273 populis
742 3192 840 3262 fuerit,
855 3192 880 3253 si
895 3193 1076 3274 Capitolium
1099 3198 1136 3257 ab
1217 3222 1218 3225 ¹

143 3277 287 3336 exsulibus
301 3280 452 3337 obsessum
476 3279 614 3342 scissent,
638 3271 783 3352 suspicari
796 3273 835 3333 de
853 3272 1016 3355 praeterito,
1043 3276 1134 3355 quim
1217 3304 1218 3337 1

143 3374 172 3413 re
186 3356 250 3434 ipsa
263 3354 400 3438 experiri,
411 3361 457 3414 est
470 3351 606 3413 melius.”

179 3437 246 3495 XX.
266 3437 404 3496 Moverat
416 3436 531 3515 plebem
545 3432 640 3492 oratio
660 3433 811 3493 consulis:
833 3434 925 3494 erecti
939 3434 1045 3495 Patres
1072 3452 1136 3495 res·

144 3511 257 3575 titutam
284 3511 442 3576 credebant
467 3514 698 3593 rempublicam:
719 3514 822 3573 consul
846 3513 945 3583 alteru
958 3534 1056 3574 eomes
1070 3514 1136 3573 ani·

146 3594 257 3665 moriar,
283 3596 372 3674 qussm
399 3602 511 3661 auctor,
532 3594 699 3674 suscepisse
721 3594 864 3675 collegam
888 3593 1015 3674 priorem
1043 3593 1137 3654 actio·

99 3705 100 3708 ¹
147 3691 209 3733 nem
231 3682 293 3735 tam
304 3674 402 3755 grauis
416 3674 458 3733 rei
472 3668 560 3732 facil}
585 3692 701 3753 passus,
724 3673 754 3733 in
778 3674 953 3754 peragendis
970 3673 1136 3734 consularis

148 3753 231 3813 officii
243 3761 358 3835 partem
371 3754 408 3812 ad
423 3774 456 3813 se
469 3750 649 3812 vindicabat.
690 3753 770 3812 Tum
784 3752 902 3821 tribuni,
914 3750 1070 3813 eludentes
1084 3773 1136 3814 ve·

147 3829 191 3889 lut
202 3854 275 3894 vana
288 3834 379 3901 dictat
403 3832 542 3913 persequi
555 3832 727 3911 quaerendo,
750 3844 768 3869 ‘⁸
779 3850 906 3911 quonam
921 3832 1009 3891 modo
1021 3833 1137 3893 exerci-

148 3914 207 3971 tum
228 3913 364 3976 educturi
390 3914 526 3975 consules
545 3920 655 3984 essent,
676 3932 751 3993 quos
765 3912 914 3975 delectum
926 3910 1034 3975 habere
1047 3932 1149 3976 neura.
