2634 4392
161 287 201 345 80
583 278 743 346 stultu

161 439 283 510 olona,
295 438 334 502 ad
355 440 462 503 Patres
474 440 633 504 deserunt:
654 444 708 504 sed
729 443 859 504 delatam
880 441 1036 515 consulere
1056 443 1162 509 ordine

160 541 222 582 non
236 521 321 580 licuit
335 541 344 590 ;
365 523 436 581 adex
449 525 630 583 tumultuose*
639 531 766 603 excepta
776 533 823 584 est
836 523 1013 584 clamoribus
1027 523 1167 604 undique

160 611 193 662 et
206 601 409 682 indignatione
422 603 553 672 Patrom,
564 601 599 672 si,
606 605 687 682 quod
698 603 821 682 imperio
832 603 981 662 consulari
996 623 1162 683 exsequen-

161 681 232 741 dum
253 687 343 751 esset,
365 681 508 742 invidiam
529 683 595 763 ejus
616 684 756 744 consules
776 684 815 744 ad
837 681 973 744 senatum
994 683 1162 763 rejicerent.

159 771 179 796 ‘¹
188 761 326 821 Provecta
340 762 367 821 si
379 770 482 822 essent
497 762 532 821 in
553 763 706 849 republica
727 763 926 844 magistratus,
941 763 1064 830 ,nullom
1078 761 1161 824 futu·

159 861 226 899 rum
240 841 333 903 luisse
344 843 458 911 Rome
472 842 530 902 nisi
543 843 705 922 publicum,
720 843 885 904 consilium.
926 844 1017 902 Nunc
1032 843 1063 903 in
1078 845 1162 906 mille

159 921 259 982 curias
273 921 490 1002 concionesque
505 925 609 1002 (quum
622 924 684 988 alia
702 924 734 984 in
749 923 901 1003 Esquiliis,
915 923 973 984 alia
985 922 1017 983 in
1031 925 1161 986 Aventi-

159 1020 200 1060 no
219 1002 292 1061 fiant
313 1002 451 1082 concilia)
474 1002 639 1082 dispersam
660 1013 692 1064 et
710 1005 885 1086 dissipatam
907 1024 973 1064 esse
999 1005 1160 1084 rempubli-

160 1100 235 1142 cam.
276 1082 387 1150 Unum,
402 1083 655 1152 Hercule,virum,
669 1084 710 1164 (id
725 1084 804 1151 enim
818 1085 885 1163 plus
899 1103 974 1154 esse,
985 1085 1075 1162 quim
1090 1104 1160 1144 con-

159 1162 276 1242 sulem)
291 1160 388 1240 qualis
402 1164 460 1240 Ap.
475 1161 623 1222 Claudius
636 1163 736 1233 fuerit,
747 1169 895 1222 momento
906 1163 1048 1243 temporis
1059 1163 1159 1223 dicus-

160 1260 260 1300 surum
275 1242 342 1301 illos
363 1247 460 1302 coetus
473 1241 599 1301 foisse.”
640 1243 778 1322 Correpti
798 1243 936 1302 consules
957 1261 1059 1322 quom,
1086 1243 1159 1322 quid

158 1341 228 1401 ergo
243 1342 275 1381 se
300 1320 400 1381 facere
412 1321 534 1389 vellent,
550 1319 633 1399 (nihil
648 1323 727 1380 enim
747 1321 867 1402 segnius
880 1322 1049 1394 molliusve,
1069 1325 1158 1402 quim

158 1401 297 1461 Patribus
317 1402 444 1480 placeat,
464 1401 595 1481 acturos)
617 1402 892 1481 percunctarentur,
919 1402 1095 1473 decernunt,
1126 1410 1158 1464 ut

158 1481 308 1540 delectum
323 1482 412 1560 qui-m
434 1479 609 1542 acerrimum
633 1481 762 1558 babeant
774 1503 783 1552 ;
804 1480 1018 1552 otiolascivire
1033 1483 1158 1562 plebem·
1219 1495 1222 1562 ’ζ

159 1561 290 1620 Dimisso
303 1568 419 1629 senatu,
440 1561 579 1620 consoles
591 1561 623 1620 in
637 1561 766 1632 tribunal
787 1561 975 1630 ascendunt;
997 1562 1093 1622 citant
1106 1581 1158 1622 no·
1219 1573 1222 1644 ’χ

157 1640 292 1701 minutim
309 1640 453 1721 juniores.
494 1640 593 1715 Quum
607 1643 646 1702 ad
667 1661 772 1704 nornen
787 1663 874 1702 nemo
883 1641 1087 1723 responderet,
1102 1642 1157 1703 cir·
1214 1689 1220 1715 ,

158 1722 294 1782 confusa
316 1721 474 1782 multitudo
486 1721 519 1781 in
533 1723 686 1782 concionis
699 1723 819 1784 modum
834 1743 951 1804 negare,
972 1734 989 1759 ‘⁸
1002 1723 1091 1784 Ultra
1106 1722 1158 1782 de·

158 1801 219 1883 cipi
244 1803 361 1883 plebem
375 1823 469 1883 posse.
510 1802 674 1882 Nunquam
690 1824 780 1864 unum
802 1803 925 1864 militem
947 1801 1107 1871 habituros,
1128 1802 1158 1862 ni
1219 1819 1220 1832 ³

157 1889 350 1963 praestaretur·
363 1883 438 1942 fides
454 1882 591 1962 publica;
621 1884 789 1944 libertatem
810 1882 970 1960 unicuique
992 1882 1075 1960 prids
1089 1883 1157 1943 red·
1222 1895 1223 1902 ’

157 1963 287 2022 dandam
297 1965 467 2041 essequfm
478 1983 561 2024 arma
569 1962 684 2024 danda:
699 1973 732 2023 ut
740 1983 793 2044 pro
801 1961 897 2042 patria
905 1959 1089 2038 civibusque,
1098 1981 1157 2022 non

156 2062 210 2123 pro
224 2043 360 2112 dominia,
381 2045 546 2124 pugnent.”
588 2043 743 2113 Consules,
757 2042 830 2122 qnid
843 2042 1016 2103 mandatum
1037 2048 1119 2101 esset
1140 2043 1156 2102 a

157 2131 273 2192 senatu,
286 2124 448 2185 videbant:
467 2125 522 2186 sed
537 2145 646 2195 eornm,
661 2124 712 2204 qui
733 2123 811 2186 intra
824 2122 953 2203 parietes
974 2121 1066 2182 cdriae
1080 2120 1156 2182 lero·

157 2204 232 2263 citer
246 2204 447 2282 loquerentur,
462 2205 609 2267 neminem
625 2207 739 2274 adesse,
750 2203 871 2264 invidiae
888 2223 950 2264 sua>
966 2199 1156 2282 participem:
1223 2271 1224 2280 χ

157 2292 188 2345 et
202 2287 367 2364 apparebat,
375 2294 459 2346 atrox
474 2307 541 2346 cum
556 2288 642 2367 plebe
656 2293 816 2346 certamen.
856 2283 934 2341 Prds
947 2282 1059 2361 itaque,
1068 2283 1155 2360 quim
1223 2301 1224 2326 l

155 2365 263 2424 ultima
276 2366 491 2446 experirentur,
505 2372 639 2425 senatum
650 2365 758 2424 iterum
769 2361 924 2424 consulere
935 2361 1051 2441 placuit
1063 2383 1072 2431 3
1092 2368 1153 2422 turn

155 2447 227 2504 verb
251 2446 289 2506 ad
311 2446 399 2506 sellas
420 2445 575 2504 consulum
596 2445 685 2524 prope
706 2445 901 2504 convolavere
916 2441 1055 2502 minimus
1075 2441 1154 2520 quis·

155 2533 295 2604 queneto
309 2527 440 2594 Patrum,
451 2524 588 2586 abdicare
600 2525 787 2584 consulatum
797 2523 948 2604 jubentes,
962 2530 993 2582 et
1008 2523 1153 2603 deponere

155 2605 321 2684 imperium,
335 2606 373 2666 ad
387 2605 467 2683 quod
481 2606 626 2666 tuendum
640 2605 758 2666 animus
772 2605 900 2664 deesset.

196 2687 307 2744 XXIX.
329 2683 467 2764 Utrque
487 2707 519 2746 re
532 2687 605 2746 satis
619 2693 753 2766 experti,
773 2693 838 2744 tum
858 2684 979 2746 demum
998 2682 1152 2744 consulesr

153 2775 172 2805 ‘¹
183 2766 232 2826 Ne
246 2766 422 2846 praedictum
437 2767 559 2846 negetis
580 2767 685 2826 Patres
700 2763 869 2844 conscripti,
890 2765 976 2825 adest
989 2765 1094 2846 ingens
1108 2781 1153 2822 se-

154 2846 238 2906 ditio.
291 2845 489 2913 Postulamus,
504 2855 538 2905 nt
557 2845 587 2914 ii,
614 2846 667 2925 qui
687 2845 815 2906 maxime*
828 2845 975 2926 ignaviam
990 2844 1153 2923 increpant

154 2926 257 2986 adsint
277 2927 359 2986 nobis
374 2926 549 2988 habentibus
563 2926 725 2988 delectum.
780 2924 930 2988 Acerrimi
951 2930 1096 3005 cujusque
1109 2943 1153 2984 ar·

152 3006 250 3076 bitrio,
263 3008 382 3085 quando
398 3007 443 3068 ita
456 2999 563 3088 placet,
579 3029 639 3068 rem
653 3007 809 3088 agemus.''
849 3006 990 3068 Redeunt
1010 3005 1040 3064 in
1062 3002 1151 3062 tribu·

152 3089 223 3157 nal;
244 3086 329 3147 citari
350 3087 523 3149 nominatim
537 3109 629 3148 unum
643 3109 680 3149 ex
701 3088 748 3158 iis,
761 3088 814 3166 qui
841 3087 871 3146 in
886 3091 1044 3163 conspectu
1060 3087 1151 3149 erant,

153 3167 252 3228 deditt
271 3177 360 3247 opert
370 3171 486 3250 jubent.
527 3171 624 3244 Quum
639 3165 863 3233 stauracius,
877 3170 907 3222 et
922 3162 1083 3222 circaeam
1098 3162 1150 3224 ali-

152 3255 227 3327 quot
241 3249 400 3318 hominum‚
414 3271 451 3310 ne
465 3251 540 3310 forti
561 3249 730 3314 violaretur,
745 3243 929 3305 constitisset
940 3241 1054 3325 globus,
1067 3244 1151 3302 licto·

153 3348 215 3387 rem
232 3328 354 3390 adeum
372 3331 509 3390 consules
524 3329 649 3389 mittunt
662 3347 672 3398 3
693 3345 752 3405 quo
766 3325 893 3405 repulso,
906 3331 968 3385 tum
983 3324 1064 3390 veri,
1079 3336 1096 3360 “
1108 3321 1151 3382 in-

153 3410 275 3483 dignum
297 3408 413 3468 lacinus
427 3411 525 3478 esse‚’'
547 3407 744 3475 clamitantes,
765 3404 818 3486 qui
839 3405 961 3464 Patrum
982 3402 1150 3468 consulibus

153 3484 288 3557 aderant,
301 3490 443 3549 devolant
457 3490 495 3547 de
511 3487 659 3557 tribunali,
669 3495 703 3546 nt
713 3485 811 3546 lictori
824 3483 935 3544 auxilio
948 3491 1061 3544 essent.
1092 3482 1150 3542 sed

152 3573 189 3629 ab
204 3570 319 3639 lictore,
332 3569 405 3628 nihil
420 3568 501 3641 aliod
515 3570 603 3647 qofm
615 3567 798 3649 prehendere
812 3563 966 3646 prohibito,
977 3585 1067 3644 quum
1081 3581 1151 3622 con·

151 3668 257 3710 versus
270 3649 301 3708 in
319 3650 420 3708 Patres
435 3647 563 3727 impetus
577 3655 666 3715 esset,
678 3647 833 3706 consulum
846 3645 1015 3706 intercurso
1030 3644 1090 3702 rina
1105 3662 1152 3702 se-

153 3728 224 3789 data
238 3736 303 3789 est:
337 3729 370 3788 in
384 3747 444 3806 qua
456 3734 565 3795 tamen,
587 3727 651 3786 sine
667 3727 694 3786 la
716 3728 777 3797 ide,
790 3725 854 3788 sine
869 3725 940 3793 telo,
960 3726 1027 3805 plus
1040 3721 1151 3780 clarno-

154 3807 194 3867 r'rs
209 3816 299 3888 atquo
312 3808 433 3879 irarum,
446 3806 536 3888 quim
550 3806 679 3888 injuriae,
692 3749 803 3888 iirerot.¹
855 3808 994 3875 Senatus,
1007 3801 1151 3867 tumultu-
