2634 4392
139 331 227 391 eae·
321 301 330 310 ’
417 295 421 301 .
565 292 726 388 mnivlt
813 294 815 298 ’

150 487 322 548 Postumius
336 491 366 546 el
378 485 415 545 L.
429 485 526 545 Julius
539 505 598 558 non
608 481 691 564 justb
710 481 840 548 delectu,
855 476 976 557 (etenim
995 477 1033 536 ab
1047 473 1139 534 tribu·

147 569 195 625 nis
217 567 307 645 plebis
333 566 581 646 impediebantur)
606 566 660 624 sed
685 563 776 644 propt
801 557 1047 622 voluntariorum,
1061 571 1136 632 quus

148 645 331 704 adhortando
345 645 550 712 incitaverant,
570 650 673 702 coacta
684 661 786 708 manu,
805 658 861 722 per
873 655 975 773 aqrum
990 634 1136 694 Caeretem

149 723 275 798 obriquis
290 725 455 782 tramitibus
477 725 596 802 egressi,
610 722 771 780 redeuntes
786 720 803 776 a
817 735 894 797 popu
907 714 1057 774 udonibus
1077 721 1138 791 gra'·

149 822 261 879 reaque
277 803 380 880 pracda
406 803 642 879 Tarquinienses
656 817 849 880 oppressere;
872 795 982 853 multos
1003 791 1139 883 mortales

152 884 339 950 obtruncant,
360 901 461 940 omnes
475 888 588 940 exuunt
601 877 841 958 impedimentis3
861 881 902 943 et,
917 878 1045 952 receptus
1059 891 1076 928 a
1099 889 1145 930 ru·

150 980 216 1017 rum
234 980 352 1018 suorum
376 960 487 1039 spoliis,
509 961 643 1022 Romam?
652 963 850 1017 revertuntur.
891 953 1023 1014 Biduum
1043 969 1061 1010 a
1097 969 1145 1008 re·

149 1039 374 1117 cognoscendas
398 1059 447 1096 res
470 1039 572 1097 datum
586 1037 733 1098 dominis:
766 1035 863 1114 tertio,
879 1030 1033 1109 incognita
1048 1029 1144 1107 (erant

152 1129 251 1176 autem
272 1120 307 1176 et
334 1119 475 1196 pleraque
495 1117 623 1179 hostium
650 1113 793 1194 ipsorum)
818 1109 872 1170 sub
896 1110 982 1172 hasta
1008 1107 1142 1168 veniere:

152 1198 292 1273 quodque
304 1197 551 1264 inderedactum,
566 1193 715 1254 militibus
725 1199 772 1250 est
784 1189 920 1250 divisum.
962 1189 1074 1247 Cetera
1083 1187 1144 1246 bel·

153 1275 192 1340 la,
208 1276 399 1350 maximeque*
411 1273 534 1353 Vejenn,
555 1274 664 1332 incerti
683 1272 779 1331 exitus
802 1275 895 1328 erant
945 1269 1075 1346 Jamque
1089 1266 1144 1325 ltu·

150 1355 241 1421 mani,
255 1355 413 1432 desperatt
425 1374 480 1431 ope
494 1350 630 1418 humant,
643 1351 707 1412 fata
720 1357 750 1409 et
764 1351 844 1407 Deos
856 1350 1040 1426 spectabant,
1055 1365 1142 1424 quum

151 1433 242 1512 legati
269 1435 305 1489 ab
321 1431 442 1508 Delphis
457 1437 610 1498 venerunt,
624 1438 741 1490 sortem
756 1426 870 1506 oraculi
884 1427 1052 1493 efferentes
1077 1434 1145 1484 con·

151 1518 307 1591 gruentem
331 1529 471 1588 responso
486 1510 596 1588 captivi
611 1510 697 1568 vatis.
737 1520 755 1544 “
763 1509 904 1576 Romane,
918 1525 1027 1584 aquam
1054 1505 1144 1564 Alba-

152 1609 222 1648 nam
237 1608 308 1647 eave
322 1589 390 1648 lacu
405 1588 559 1658 contineri,
587 1609 660 1647 care
673 1589 704 1646 in
726 1588 808 1646 mare
822 1605 943 1644 manare
956 1605 1013 1648 suu
1025 1583 1143 1641 flumine

153 1670 252 1736 sinas3
265 1669 410 1727 emissam
433 1689 486 1748 per
505 1689 590 1748 agros
604 1666 720 1747 rigabis
744 1665 978 1746 dissipatamque
1002 1662 1070 1721 rivis
1091 1681 1143 1720 ex-

153 1749 281 1828 tinguas.
322 1749 402 1814 'l'uru
423 1754 455 1806 tu
484 1749 587 1807 insiste
615 1748 714 1806 audax
736 1745 864 1804 hostium
884 1743 1003 1812 muris;
1027 1761 1148 1810 memor,

154 1847 243 1905 quarn
259 1846 311 1904 per
324 1833 369 1884 tot
385 1847 476 1884 annos
497 1827 614 1885 obsides
628 1830 739 1892 urbem,
754 1845 790 1884 ex
805 1845 840 1882 ea
852 1823 904 1882 tibi
919 1822 972 1889 hie,
987 1841 1058 1900 quae
1070 1841 1146 1882 nunc

154 1905 335 1986 panduntur,
357 1904 426 1963 fotis
444 1905 597 1963 victoriam
620 1905 730 1962 datam.
763 1904 857 1966 ,Bello
872 1902 1016 1982 perfecto,
1038 1901 1148 1959 donum

155 1984 285 2062 aruplum
305 1984 402 2051 uictor
414 1983 451 2042 ad
473 2003 539 2041 mea
566 1983 677 2063 templa
700 1989 838 2062 porteto:
873 2001 1018 2058 sacraque
1046 1980 1150 2060 patria,

154 2078 281 2141 quornm
294 2061 401 2121 omissa
415 2068 549 2131 curaest,
562 2062 737 2130 instaurata,
751 2068 784 2120 ut
795 2061 914 2130 assolet,
927 2060 1051 2120 facito.”

196 2143 293 2200 XVII.
336 2141 642 2220 Ingensindehaberi
665 2142 800 2221 captivus
814 2148 897 2200 vates
920 2145 1044 2218 coeptus,
1070 2159 1152 2199 eum-

157 2242 215 2300 que
236 2221 374 2290 adbibcre
401 2223 511 2280 tribuni
526 2222 650 2281 militum
677 2219 834 2280 Cornelius
861 2219 1093 2296 Postumiusque
1114 2217 1152 2277 ad

156 2301 284 2381 prodigii
308 2301 417 2358 Albani
430 2302 665 2380 procurationem
681 2321 715 2360 ac
731 2303 809 2359 Deos
831 2300 887 2358 rite
911 2299 1074 2378 placandos
1089 2319 1151 2355 coe-

157 2401 237 2457 pere.
286 2381 505 2456 Inventumque
518 2381 638 2438 tandem
661 2387 715 2447 est,
738 2379 787 2438 ubi
801 2379 954 2470 neglectas
970 2374 1149 2438 ceremonias

157 2457 397 2522 intermissumve
424 2461 546 2518 solenne
561 2459 610 2517 Dii
623 2466 803 2538 arguerent3
825 2457 899 2516 nulrit
920 2457 1056 2537 prolecto
1068 2455 1153 2516 aliud

157 2557 233 2604 esse,
247 2537 337 2614 qulm
351 2537 542 2616 magistratus
556 2534 627 2597 vitio
642 2544 767 2606 creatos,
792 2537 916 2596 Latinas
931 2555 1109 2614 sacrumque
1120 2533 1152 2593 in

158 2615 276 2675 Albano
302 2622 401 2673 monte
426 2636 485 2675 non
512 2618 569 2676 rite
594 2618 774 2697 concepisse.
836 2618 931 2676 Unam
955 2616 1153 2695 expiationem

155 2713 259 2752 eorum
285 2713 359 2759 esse,
379 2702 415 2752 ut
437 2696 548 2752 tribuni
573 2697 699 2754 militurn
727 2695 900 2755 abdicarent
920 2715 952 2756 se
966 2696 1152 2774 magistratu,

156 2771 290 2849 auspicia
314 2771 352 2839 de
377 2773 491 2851 integro
504 2781 718 2851 repeterentur,
739 2783 770 2833 et
794 2775 997 2854 interregnum
1017 2775 1154 2834 iniretur.

156 2852 202 2910 Ea
227 2849 270 2908 ita
284 2850 364 2908 faeta
385 2859 455 2910 sunt
480 2873 516 2910 ex
531 2853 799 2918 senatusconsulto.
841 2856 1010 2936 interreges
1024 2863 1088 2913 tres
1102 2853 1155 2912 de·

154 2928 259 3007 inceps
273 2929 364 2997 diere,
378 2932 415 2988 L.
432 2931 580 3001 Valeriae,
594 2934 630 3006 Q.
652 2933 795 2993 Servilius
816 2934 955 3003 Fidenas,
977 2936 1023 2994 M.
1043 2932 1154 2992 Furius

157 3009 312 3068 Camillus.
353 3010 516 3088 Nunquam
529 3013 660 3072 desitum
684 3013 802 3072 interim
824 3015 944 3082 turbari,
966 3012 1087 3072 comitia
1106 3011 1155 3070 in·

156 3090 384 3168 terpellantibus
397 3090 523 3150 tribunis
537 3093 642 3171 plebis,
656 3093 751 3151 donee
766 3093 954 3154 convenisset
966 3094 1060 3174 priris,
1078 3103 1095 3126 ‘¹
1117 3093 1153 3148 ut

155 3171 249 3244 major
269 3189 337 3245 pars
351 3169 533 3228 tribunorum
550 3172 677 3231 militum
690 3192 727 3230 ex
760 3172 825 3230 lebe
849 3175 1034 3235 crearetur.”
1076 3172 1155 3244 Quae

156 3247 228 3303 dum
242 3256 378 3327 aguntur,
399 3249 525 3308 concilia
539 3251 667 3309 Etrurine
679 3250 719 3310 ad
739 3191 841 3309 lanum
855 3252 1027 3312 Voltumnae
1042 3250 1157 3316 lrabin

98 3380 101 3387 ,
155 3324 432 3413 prestolantibusque
447 3328 648 3405 Capenatibus
658 3351 693 3388 ac
708 3330 842 3399 Faliscis,
856 3338 890 3390 ut
912 3333 1003 3410 Vejos
1017 3349 1157 3390 commn-

155 3423 186 3460 m
214 3403 310 3462 animo
336 3406 518 3484 consilioque
539 3429 641 3467 omnes
661 3409 789 3468 Etruria
803 3409 904 3500 populi
932 3431 970 3469 ex
996 3409 1157 3470 obsidione

155 3481 311 3560 eriperent,
333 3504 506 3562 responsum
526 3494 591 3546 est:
612 3495 727 3547 “antea
754 3508 786 3546 se
799 3489 838 3548 'nl
860 3489 1015 3568 Vejentibs
1039 3495 1159 3568 negas·

155 3580 196 3650 se,
210 3562 289 3640 qnia,
309 3565 389 3622 unde
404 3565 560 3624 consilium
577 3586 634 3624 nou
643 3573 792 3646 petissent
814 3588 902 3646 super
913 3575 997 3629 tanta
1008 3589 1050 3636 re,
1064 3566 1157 3626 auxi·

154 3638 226 3725 lium
239 3648 338 3716 petere
358 3660 417 3700 non
432 3644 592 3712 deberent5
612 3665 692 3704 nuno
708 3649 772 3725 jam
786 3667 838 3725 pro
852 3665 884 3704 se
898 3646 1047 3707 fortunam
1064 3665 1161 3704 suam

152 3717 336 3797 rllismegare
351 3740 359 3788 3
390 3721 516 3779 maxime
530 3723 561 3780 in
575 3743 611 3781 ea
623 3733 707 3802 parte
722 3725 859 3783 Etruriae.
902 3726 1031 3784 Gentem
1046 3725 1162 3784 invisi·

152 3798 254 3862 tatum,
267 3817 359 3856 novos
371 3800 490 3858 accolas
502 3800 605 3858 Gallos
626 3823 702 3871 esse,
724 3823 791 3862 curn
811 3802 918 3878 quibus
933 3825 988 3863 nec
1003 3822 1063 3882 pax
1079 3802 1161 3862 satis

153 3865 221 3936 fida,
246 3891 303 3932 neo
317 3876 427 3936 bellum
451 3885 600 3956 procerte
620 3881 679 3941 sit:
701 3881 837 3962 sanguini
850 3888 952 3942 tamen
978 3879 1161 3960 nominique
