2634 4392
563 331 777 413 tranans
1101 348 1159 411 aa
1220 352 1221 357 ¹

149 506 342 589 Deploratur
366 512 594 592 inperpetuum
622 508 848 578 libertas3*nec
870 508 980 569 vindex
1001 508 1160 589 qnisquam

148 591 287 660 exsistit,
298 600 351 651 aut
371 592 492 651 loturos
513 591 650 659 videtnr3
673 611 728 657 nec
752 591 809 669 ipsi
829 592 925 651 soldm
939 590 1160 670 desponderant
1209 635 1215 644 .

150 671 284 740 animos,
303 670 362 731 ¹sed
388 672 536 732 contemni
561 672 649 748 coepti
666 670 783 729 ereata
805 670 937 729 finitimis
951 670 1082 749 populis:
1103 670 1159 729 im·

147 751 333 829 periuroque
348 752 388 810 ibi
409 772 485 819 esse,
510 752 559 811 ubi
575 771 633 811 non
662 761 741 811 esset
769 748 905 819 libertas,
921 751 1159 829 indignabantur.
1220 792 1221 799 κ

150 831 258 908 Sabini
284 840 387 911 inaggm
406 850 494 891 manu
509 831 708 890 incursionem
731 826 762 887 in
776 844 876 908 ogram
892 832 1057 889 Rornanurn
1079 830 1158 889 lece·

148 930 203 967 re:
225 912 354 989 latoque
370 912 511 990 populati,
532 931 622 989 quum
637 908 789 968 hominum
804 917 895 987 atque
908 912 1056 988 pecudum
1070 908 1159 969 inulti

148 990 279 1067 praedas
292 992 433 1081 egissent,
448 1000 567 1069 recepto
588 990 626 1049 ad
648 991 781 1055 Eretum,
795 991 872 1067 quod
890 990 998 1068 passim
1018 997 1160 1069 vagatum

148 1078 225 1137 erat,
241 1089 374 1152 agmine,
396 1077 494 1129 castra
509 1071 619 1138 locant,
639 1088 721 1147 spem
744 1070 774 1125 in
789 1068 937 1147 discordia
953 1070 1085 1127 Romana
1106 1088 1159 1148 po·

147 1158 273 1219 nenteS,
298 1170 363 1209 earn
377 1150 623 1230 impedimentum
638 1148 769 1206 delectui
783 1148 856 1207 lore.
897 1148 966 1207 Non
988 1148 1089 1221 nuncii
1112 1168 1158 1207 so-

144 1226 221 1297 lan,
260 1230 315 1288 sed
338 1252 390 1309 per
418 1233 517 1289 urbem
542 1229 702 1309 agrestium
734 1226 805 1307 fuga
832 1229 1059 1308 trepidationem
1080 1228 1156 1307 inje-

146 1308 198 1365 cit.
246 1311 420 1369 Decemviri
441 1310 620 1376 consultant,
643 1309 716 1385 qn'id
737 1328 810 1387 opus
826 1305 904 1367 facto
925 1308 984 1377 sit3
1005 1305 1158 1367 destitutis

145 1385 231 1446 inter
250 1391 374 1448 ¹l'atrnm
400 1397 430 1447 et
445 1390 537 1469 plebis
551 1390 620 1447 odia
633 1386 750 1447 addidit
761 1396 901 1447 terrorem
924 1388 1046 1467 insuper
1066 1388 1158 1447 alium

143 1466 285 1525 fortuna.
326 1469 418 1547 AEqni
433 1470 491 1528 alia
506 1490 542 1528 ex
555 1475 640 1548 parte
662 1472 760 1525 castra
781 1467 812 1529 in
834 1468 943 1547 Algido
965 1470 1083 1526 locant:
1104 1466 1157 1527 de·

143 1546 391 1627 populatumque
412 1548 481 1607 inde
496 1546 719 1607 excursionibus
734 1548 938 1607 Tusculanum
960 1566 1062 1627 agrum
1077 1546 1157 1629 lega·

142 1626 167 1684 ti
182 1628 223 1685 ab
240 1626 387 1697 Tusculo,
402 1629 574 1708 praesidinm
590 1638 719 1692 orantes
744 1627 897 1686 nunciant.
931 1628 969 1685 ''ls
985 1648 1075 1705 pavor
1089 1646 1157 1716 per-

143 1705 227 1783 pulit
242 1706 439 1774 decemviros,
460 1714 494 1766 ut
507 1716 652 1773 senatum,
667 1705 754 1765 simul
769 1706 882 1765 duobus
896 1706 1157 1765 circumstantibus

145 1786 255 1845 urbem
278 1786 375 1855 bellis,
399 1785 610 1854 consulerent;
632 1784 717 1843 citari
732 1787 840 1875 jubent
862 1784 1020 1845 incuriam
1043 1784 1157 1853 Patres,

142 1864 228 1923 baud
253 1866 359 1946 ignari,
384 1875 497 1945 quanta
517 1865 639 1925 inridiae
663 1864 831 1923 immineret
851 1870 1032 1945 tempestas:
1053 1884 1156 1923 omnes

143 1946 263 2006 vastati
277 1948 341 2027 agri
356 1947 615 2025 periculorumque
635 1944 853 2003 imminentium
869 1956 973 2003 causas
994 1943 1025 2003 in
1035 1962 1070 2027 'se
1085 1950 1157 2003 con'·

142 2031 298 2101 gesturos,
321 2026 577 2104 tentationemque
599 2045 664 2085 eam
685 2024 748 2083 lore
769 2024 908 2085 abolendi
929 2024 985 2084 sibi
999 2022 1155 2103 magistra·
1181 2082 1184 2092 ,
1213 2038 1221 2077 ·,

143 2109 205 2170 tals,
222 2106 259 2161 ni
274 2124 421 2162 consensu
435 2104 619 2172 resisterent,
631 2103 814 2181 imperioque
827 2104 987 2163 inhibendo
1001 2104 1110 2163 acriter
1123 2103 1155 2163 in

141 2202 264 2318 paucos
285 2182 462 2262 praelerecis'
478 2182 579 2249 animi,
607 2189 738 2239 conatus
766 2182 889 2241 aliorum
917 2182 1158 2261 comprimerent.

169 2267 315 2339 ostquam
336 2261 439 2321 audita
451 2281 509 2320 uox
522 2260 553 2321 in
575 2259 639 2319 loro
660 2264 707 2318 est
720 2262 878 2339 praeconis',
899 2262 1005 2321 Patres
1029 2261 1060 2323 ln
1076 2262 1154 2322 curl-

144 2360 191 2399 am
207 2343 250 2400 ad
266 2340 451 2401 decemviros
473 2340 626 2410 vocantis;
647 2340 732 2399 velut
745 2356 821 2399 nova
831 2360 889 2411 res,
903 2341 973 2421 quia
988 2340 1155 2403 intermise-
1213 2364 1216 2373 ⁴

142 2426 214 2479 rant
238 2425 303 2501 jorn
325 2421 375 2480 diu
392 2442 501 2481 morem
517 2418 693 2480 consulendi
707 2420 840 2489 senatbs‚
864 2413 1069 2481 mirabundam
1089 2422 1155 2501 ple·

144 2500 211 2559 bem
230 2502 388 2570 convertit,
415 2500 585 2580 “quidnam
605 2498 770 2568 incidisset,
797 2501 850 2559 cur
863 2514 900 2561 ex
913 2508 997 2563 tanto
1009 2500 1153 2562 interval·
1220 2534 1221 2537 ¹

144 2576 174 2636 lo
194 2601 261 2639 rem
289 2580 444 2641 desuetam
467 2586 656 2660 usurparent.
696 2578 842 2639 Hostibus
862 2580 999 2660 belloque
1026 2578 1153 2663 gratiam
1180 2611 1183 2617 ·
1220 2594 1221 2649 ἕ

145 2656 326 2729 habendam,
348 2661 430 2740 qudd
444 2660 565 2720 solitum
588 2660 750 2739 quicquam
773 2658 874 2721 liberae
891 2660 1021 2735 civitatis
1036 2660 1154 2722 fieret.’'
1220 2658 1221 2719 ἶ

145 2737 408 2820 circumspectare
440 2741 575 2800 omnibus
607 2739 663 2799 fori
694 2738 827 2819 partibus
851 2748 1034 2810 senatorem,
1071 2741 1153 2801 rarb·
1220 2738 1221 2771 ³

146 2837 204 2895 que
230 2840 359 2898 usquam
381 2822 548 2881 noscitare:
569 2820 682 2879 curiam
708 2818 780 2878 inde
800 2840 835 2879 ac
858 2819 1050 2881 solitudinem
1071 2820 1152 2881 circa
1220 2838 1221 2845 ’

147 2896 337 2967 decemviros
357 2900 485 2969 intueri;
506 2919 598 2977 quum
619 2906 650 2959 et
665 2897 722 2977 ipsi
742 2898 870 2960 invisum
885 2918 1031 2975 consensu
1056 2900 1151 2979 impe·

146 2976 233 3049 rium,
249 2989 282 3038 et
296 2978 393 3058 plebs,
412 2978 482 3058 quia
496 2979 619 3058 privatis
630 2980 682 3057 jus
696 2996 756 3037 non
771 2988 850 3039 esset
863 2980 990 3039 vocandi
1004 2985 1151 3049 senatum,

147 3073 205 3115 non
220 3058 382 3123 convenire
398 3060 502 3124 Patres
522 3059 791 3136 interpretarentur
802 3080 811 3129 ;
827 3062 891 3138 Jam
916 3065 1006 3138 eaput
1027 3058 1091 3117 lieri
1113 3058 1149 3117 li·
1220 3124 1221 3127 Ἴ

145 3136 292 3197 bertatem
313 3138 522 3219 repetentium,
547 3138 571 3197 si
597 3158 629 3195 se
643 3138 727 3228 plebs
742 3138 880 3209 comitem
895 3137 1012 3196 senatui
1026 3138 1087 3205 det,
1108 3145 1151 3208 et,

148 3219 399 3289 quemadmodum
425 3218 531 3277 Patres
557 3225 655 3276 vocati
677 3236 737 3276 non
759 3224 866 3277 coeant
887 3216 917 3275 in
932 3225 1076 3285 senatum,
1104 3218 1148 3277 sic

151 3296 235 3371 plebs
263 3299 371 3359 abnuat
395 3298 555 3357 delectum.
597 3297 675 3356 Haec
694 3298 835 3358 *fremunt
860 3296 972 3376 plebes.
1026 3296 1148 3355 Petrum
1220 3322 1221 3329 ¹

146 3371 226 3435 haud
247 3374 309 3437 fera
322 3377 480 3460 quisquam
494 3376 525 3434 in
539 3376 613 3445 foro,
624 3379 626 3386 ’
636 3375 669 3435 in
682 3381 754 3437 urbe
769 3376 827 3435 ran'
841 3386 945 3447 erant3
966 3374 1146 3458 indignitate
1220 3402 1221 3413 ἒ

147 3472 245 3515 rernm
261 3473 413 3517 cesserant
432 3458 464 3515 in
486 3457 592 3535 agros;
614 3477 795 3537 suarumque
809 3476 905 3515 rerum
921 3464 1015 3523 erant,
1037 3456 1148 3515 amissa

149 3536 290 3609 publice:
310 3546 425 3596 tantum
447 3540 483 3596 ab
498 3534 604 3616 injuria
619 3557 650 3596 se
665 3540 768 3597 abesse
783 3537 848 3605 rati,
870 3550 1012 3615 quantum
1038 3536 1050 3593 l
1067 3542 1147 3593 coetu

152 3631 369 3696 congressuque
379 3617 583 3697 impotentium
593 3616 821 3677 dominorumse
831 3614 1020 3676 amavissent.
1061 3615 1147 3673 Post·

151 3710 236 3766 quam
259 3695 343 3755 citati
357 3716 416 3755 non
430 3694 653 3764 conveniebant,
675 3696 796 3759 demissi
811 3696 891 3755 circa
912 3696 1013 3753 domos
1028 3692 1145 3773 appari·

149 3775 235 3844 tures,
261 3775 351 3835 simul
378 3777 415 3835 ad
437 3777 559 3857 pignora
583 3777 738 3855 capienda,
762 3776 1045 3851 sciscitandumque,
1073 3792 1144 3831 num

151 3855 283 3915 consults
304 3856 528 3916 detrectarent?
561 3855 704 3925 referunt,
742 3864 876 3916 senatum
898 3853 929 3911 in
961 3854 1041 3911 aris
1069 3872 1144 3911 esse.

152 3926 265 3997 Laetius
278 3934 311 3996 id
324 3936 501 3998 decemviris
514 3934 634 4007 accidit,
656 3933 747 4015 quan
762 3935 787 3999 si
800 3940 964 4017 praesentes
977 3874 1150 3995 detrectare

1000 4072 1019 4101 ·.
1036 4069 1075 4090 ···
1099 4054 1121 4117 ς’.
1133 4054 1155 4115 12
