2634 4392
196 320 276 410 ι4ιι
507 407 511 413 ι
608 317 649 378 r.
668 317 777 379 mvn

192 474 347 557 imperium
368 473 524 537 referrent.
562 479 675 540 lubent
695 476 785 538 acciri
807 494 923 544 omnes,
948 480 1145 557 senatumque
1162 480 1184 543 in
1210 500 1211 517 ²

194 556 274 615 diem
297 566 449 637 posterum
471 557 612 626 edicunt;
636 556 692 635 qui
718 558 757 617 ali
781 557 876 615 uantd
905 576 960 635 spe
988 559 1119 636 ipsorum
1139 558 1152 615 f
1177 592 1185 603 -

194 636 333 713 quentior
349 636 509 708 convenit3
530 657 590 715 quo
609 636 690 719 facto
704 578 851 717 proditam
876 636 894 695 s
910 635 1053 695 Patribus
1067 638 1145 717 plebs
1157 638 1184 697 li·

193 716 340 776 berritem
354 722 429 784 rata,
442 718 522 795 quta
536 716 582 785 iis,
603 717 655 794 qui
671 718 734 796 jam
750 714 930 797 magistratu
945 718 1090 783 abissent,
1103 716 1184 795 priva-

192 793 302 885 tisque,
322 796 347 855 si
362 795 407 856 vis
420 799 547 868 abesset,
567 804 711 876 tanquam
719 798 789 876 jure
803 794 995 877 cogentibus,
1017 805 1133 855 senatus
1145 814 1184 876 pa·

193 885 314 933 rursset.
677 890 680 893 ’

234 954 375 1015 XXXIX.
397 956 458 1015 Sed
487 956 580 1037 magis
605 955 778 1016 obedienter
804 961 941 1015 ventum*
961 954 993 1015 in
1016 955 1124 1013 curiam
1141 960 1184 1020 est,

194 1034 285 1111 quim
308 1035 431 1094 obnoxii·
454 1037 551 1097 dictas
575 1036 740 1096 sententias
765 1036 948 1115 accepimus.
992 1035 1182 1095 L.Valeriu1u

195 1112 342 1183 Potitum,
362 1116 510 1195 proditum
526 1116 675 1175 memoriae
691 1122 745 1184 est,
761 1126 826 1191 post
840 1115 1024 1175 relationem
1041 1118 1097 1193 Ap.
1109 1112 1182 1171 Clau·
1211 1136 1212 1197 l

196 1193 249 1262 dii,
269 1194 440 1275 priusquam
462 1194 565 1255 ordine
586 1198 744 1269 sententia
761 1204 953 1273 rogarentur,
979 1192 1183 1274 postulandout
1211 1208 1212 1265 l

195 1274 234 1331 de
249 1274 399 1353 republica
413 1274 519 1334 liceret
533 1276 642 1342 dicere,
665 1274 882 1353 prohibentibus
898 1272 1065 1333 minaciter
1085 1274 1180 1331 deceni·
1211 1276 1212 1299 ¹

195 1351 279 1420 viris,
305 1354 490 1433 proditurum
511 1374 543 1413 se
569 1355 608 1413 ad
630 1355 745 1433 plebem
768 1354 1020 1423 denunciantem,
1045 1351 1180 1411 tumultuin

194 1432 351 1494 excivisse.
397 1434 463 1493 Neo
491 1432 591 1493 mimis
614 1432 757 1491 ferociter
783 1433 828 1491 M.
852 1432 1017 1493 Horatium
1042 1434 1177 1491 Barbatum

194 1510 253 1569 isse
277 1512 309 1570 in
334 1518 494 1582 certarnen,
517 1514 662 1571 “Decem
684 1512 888 1591 Tarquinios'’
910 1508 1123 1593 appellantem,
1140 1507 1178 1565 ud·

194 1598 432 1670 monentemque,
456 1592 615 1652 “Valeriis
636 1600 668 1651 et
683 1592 816 1651 Horatiis
837 1592 969 1651 ducibus
992 1591 1096 1671 pulsos
1110 1606 1178 1667 reges.

195 1669 262 1728 Nec
277 1672 404 1730 nominis
417 1672 551 1733 homines
572 1679 636 1744 tum
651 1679 812 1751 pertaesum
826 1692 891 1730 esse
906 1693 915 1742 ;
938 1672 1052 1751 quippe
1074 1689 1125 1748 quo
1142 1668 1177 1725 lo·

194 1769 262 1809 sem
286 1751 431 1831 appellari
451 1752 496 1812 fas
511 1758 559 1821 sit,
585 1773 645 1829 quo
658 1752 817 1811 Romulum
835 1752 1025 1811 conditorem
1041 1750 1125 1815 urbis,
1142 1746 1179 1802 de·

194 1828 360 1909 incepsque
373 1852 459 1913 reges
479 1832 653 1912 appellatos,
678 1832 755 1911 quod
772 1832 864 1893 sacris
885 1832 990 1899 etiarn,
1014 1840 1048 1889 ut
1071 1829 1178 1889 solenne,

196 1918 345 1967 retentum
360 1911 409 1969 sit
449 1912 623 1990 Superbiam
639 1910 871 1989 violentiamque
885 1918 950 1971 turn
967 1928 1085 1990 perosos
1100 1906 1178 1982 regim
1212 1934 1213 1973 p

194 2006 264 2066 quse
279 1988 348 2047 siin
364 2010 432 2127 repe
447 1998 508 2049 tum
524 1990 639 2056 eodem,
653 1996 706 2049 aut
720 1989 751 2047 in
766 1990 828 2050 lilio
842 1990 932 2069 regis,
943 1988 1069 2051 ferenda
1080 2005 1134 2044 non
1144 1982 1156 2040 l
1168 2013 1176 2023 ·

195 2067 283 2134 erint,
297 2089 385 2146 quern
408 2075 524 2128 aturum
539 2061 570 2127 in
584 2077 629 2127 tot
640 2069 788 2149 privatis?
829 2070 989 2139 Viderunt,
1011 2087 1060 2136 ne,
1072 2060 1176 2123 vetando

195 2144 325 2207 incuria
346 2149 435 2209 liber}
449 2146 582 2209 homines
595 2148 689 2227 loqui,
716 2159 800 2211 extra
814 2151 928 2209 curiam
944 2150 1034 2211 etiam
1051 2143 1177 2230 moverent

195 2245 319 2297 vocem;
340 2249 437 2308 neque
451 2249 484 2289 se
505 2230 616 2297 videre,
640 2238 692 2308 qui
709 2230 763 2288 sibi
779 2229 877 2289 mincis
892 2229 1012 2308 privato
1032 2228 1070 2289 ad
1084 2237 1176 2283 concio·

195 2323 263 2365 nem
292 2329 329 2388 po
352 2311 433 2368 ulum
456 2328 573 2379 vocare,
596 2312 687 2388 qulm
708 2308 770 2369 illis
797 2316 935 2369 senatum
965 2327 1080 2389 eogere,
1099 2301 1176 2359 liceat·

196 2384 256 2445 Ubi
281 2330 403 2458 velient,
428 2389 644 2467 experirentur,
667 2398 780 2467 quanto
804 2388 930 2447 ferocior
957 2389 1044 2449 dolor
1068 2383 1176 2443 libertate

196 2474 251 2524 sut.
267 2466 457 2535 vindicanda,
480 2469 570 2545 qulrn
585 2467 734 2547 cupiditas
748 2467 857 2547 injusta
881 2466 1088 2527 dominatione
1110 2459 1175 2517 esset.

196 2544 243 2603 lle
257 2547 336 2605 bello
350 2545 459 2604 Sabino
472 2565 524 2606 eos
546 2545 655 2606 referre
669 2566 678 2616 ;
698 2552 838 2627 tanquam
862 2548 962 2626 majus
976 2548 1071 2606 ullum
1091 2534 1174 2621 populo

196 2622 331 2685 Romano
351 2625 462 2684 bollum
484 2626 532 2695 sit,
556 2627 646 2703 quim
661 2648 729 2685 cum
745 2626 791 2695 iis,
814 2627 875 2705 qui,
896 2626 996 2718 legum
1012 2620 1173 2704 serendarum

197 2711 287 2763 causi
301 2704 405 2774 creati,
426 2704 498 2763 nilril
517 2706 596 2784 juris
606 2704 637 2763 in
653 2706 775 2765 civitate
796 2705 996 2783 reliquerint3
1017 2704 1070 2785 qui
1083 2706 1175 2760 cornino

195 2781 248 2858 qui
259 2802 372 2842 annuos
383 2783 584 2861 magistratus,
595 2784 646 2861 qui
655 2783 894 2842 vicissitudinem
906 2781 1098 2866 imperitandi
1107 2767 1173 2855 (quvd

194 2878 287 2920 unum
302 2861 497 2942 exssquandae
513 2863 553 2922 sit
567 2863 724 2943 libertatis)
742 2862 935 2933 sustulerint;
958 2866 1010 2945 qui
1025 2854 1122 2945 privati
1132 2850 1173 2909 las·

196 2960 246 2999 ees
258 2949 288 3000 et
301 2942 413 3022 regium
425 2941 583 3022 imperium
595 2942 732 3002 habeant.
754 2941 867 3013 Fuisse,
881 2946 1000 3025 regibus
1017 2937 1174 3017 exactispl·

194 3018 296 3081 tricies
310 3022 500 3101 magistratus
515 3032 630 3083 creatos
645 3043 653 3091 3
676 3029 787 3104 postea,
801 3036 869 3103 post
883 3024 1082 3084 secessionem
1094 3013 1174 3153 plebis.

194 3100 335 3179 plebeios.
376 3103 472 3182 Cujus
486 3102 531 3161 illi
546 3103 639 3183 partis
654 3105 787 3171 essrntss’
810 3103 945 3192 rogitare.
987 3104 1092 3180 “Popu
1107 3082 1175 3181 arcs?

194 3181 269 3257 quid
279 3181 358 3240 enim
369 3203 420 3241 eos
435 3203 488 3261 per
496 3184 637 3262 populum
648 3184 767 3262 egisse?
782 3180 949 3259 Optimates
962 3184 974 3241 P
989 3180 1042 3261 qui
1053 3182 1174 3256 arruojtiffl

194 3260 428 3395 propt-senatum
440 3283 497 3321 nun
507 3262 758 3330 habuerint31uue
766 3259 952 3328 itababeant,
960 3268 996 3321 ut
1005 3250 1175 3335 derepubbo

208 3337 277 3415 oqui
288 3339 486 3417 prohibeant?
526 3342 576 3401 Ne
587 3340 711 3399 nimium
724 3339 753 3398 in
766 3343 846 3398 metu
859 3340 958 3400 alieno
967 3340 1027 3418 spei
1042 3328 1177 3417 ponerent?

194 3416 431 3531 graviora‚,puae
454 3421 615 3501 patiantur,
635 3418 730 3479 videri
747 3419 812 3500 jorn
831 3418 1007 3488 hominibus,
1028 3416 1111 3498 quim
1124 3418 1175 3485 quae

105 3527 107 3532 v
195 3508 341 3557 metuant.
764 3510 767 3515 '

106 3592 108 3610 ¹
235 3578 303 3654 XL.
327 3578 402 3638 llaec
423 3579 609 3641 vloiferante
622 3579 760 3649 Horatio,
784 3599 876 3658 quum
892 3577 1052 3640 decemviri
1067 3590 1116 3635 uec
1135 3563 1175 3621 5?ae

106 3719 109 3736 ,γ
195 3675 251 3716 nec
265 3657 441 3738 ignoscendi
456 3660 573 3719 modum
589 3681 621 3720 re
644 3658 766 3728 scirent,
791 3679 856 3727 nec,
870 3660 929 3739 qud
944 3675 1066 3719 evasura
1082 3666 1123 3711 res
1141 3658 1175 3729 ts:

107 3757 109 3807 2
194 3744 251 3806 set,
279 3742 437 3798 cernerent
449 3758 462 3812 ;1
479 3739 514 3797 Ο.
536 3682 668 3807 Claudii,
696 3738 748 3818 qui
768 3745 892 3818 patruus
923 3738 1013 3819 Appii
1038 3734 1177 3819 decamus

107 3822 110 3852 ³
196 3823 269 3881 erat,
291 3818 384 3877 oratio
406 3817 462 3876 fuit
475 3818 624 3897 precibus,
647 3821 738 3897 quim
755 3818 864 3899 jurgio,
885 3818 1000 3887 similis,
1020 3816 1123 3873 orantis
1134 3811 1175 3887 pt·r

107 3913 108 3916 ¹
182 3893 241 3955 sui
250 3892 349 3955 fratris
361 3896 552 3979 parentisque
572 3899 638 3980 ejus
658 3917 784 3971 inanest
803 3898 878 3959 “Ut
899 3898 995 3960 civilis
1009 3891 1102 3980 potils
1115 3895 1176 3945 σοῦ·
