2634 4392
567 311 698 376 ursus
709 313 756 414 1„
1085 310 1151 396 ,ss
1237 286 1238 293 ‘

79 501 80 530 r
142 495 227 545 ineu,
240 476 386 554 quonian
395 471 499 536 Numa
508 473 541 534 iu
553 493 628 554 pecc
640 472 800 554 religiones
811 469 1000 541 instituisset,
1012 472 1029 531 d
1043 488 1075 532 se
1088 472 1153 532 bel·
1237 480 1238 497 ³

79 541 80 566 ¹
144 555 218 616 licae
242 555 421 616 ceremoniae
446 553 659 635 proderentur3
693 574 749 614 nec
772 558 946 634 gererentur
968 553 1075 620 solum,
1098 550 1153 611 sed
1237 558 1238 633 ᾗ

145 634 242 696 etiam
256 635 462 696 indicerentur
482 634 561 694 bella
582 633 684 714 aliquo
698 632 776 702 ritu;
805 634 858 712 jus
871 634 906 691 ab
928 630 1052 711 antiqua
1064 637 1154 712 gente
1237 684 1238 687 ,

79 719 81 782 ζ
144 715 333 794 AEquicoiis¹
348 714 428 794 quod
442 733 521 774 nunc
546 712 669 774 feciales
691 713 811 781 babent,
825 711 1083 791 descripsitque
1107 730 1155 771 res
1237 758 1238 761 η

79 785 82 866 J
144 802 338 876 repetuntur.
379 795 520 876 Legatus,
541 793 591 853 ubi
605 794 643 854 sd
665 793 741 853 fines
765 811 868 852 eorum
889 791 982 865 venit,
1002 791 1082 850 unde
1107 810 1155 850 res

79 899 81 934 ᾳ
145 881 339 956 repetuntur,
361 875 458 956 capite
479 875 579 934 uelato
599 873 651 934 fiio
677 873 767 953 (ienae
791 871 928 932 velamen
952 872 1010 952 est)
1035 871 1155 941 “Audi,
1237 898 1238 933 3

79 955 80 962 ἶ
146 956 168 1014 J
171 953 301 1036 upiter,'’
315 955 422 1034 inquit,
445 965 464 991 “
473 954 584 1022 cudite,
597 953 713 1021 fines,”.
727 952 944 1033 (cujuscunque
965 949 1062 1032 gentis
1075 958 1156 1019 sunt,

79 1031 80 1050 ³
148 1034 300 1116 nominet)
327 1033 460 1095 “andist
479 1033 535 1094 sas.
575 1033 639 1113 Ego
664 1053 729 1093 sum
742 1031 879 1124 publicus
903 1030 1030 1090 nuncius
1054 1029 1156 1111 popuii

147 1115 293 1182 Romani,
312 1115 393 1194 juste
417 1113 465 1194 pie
489 1133 527 1173 ue
550 1113 668 1193 legatus
688 1109 961 1188 veu10,verbisque
981 1109 1056 1168 meis
1079 1109 1156 1169 fides

126 1194 227 1254 ‚sit.”
270 1190 389 1276 Peregit
402 1135 512 1254 deinde
531 1193 691 1274 postulata.
731 1191 807 1251 Inde
825 1191 929 1250 iovem
943 1196 1051 1248 testem
1065 1188 1157 1248 facit:

120 1293 127 1302 ·
150 1273 214 1334 “Si
236 1293 292 1354 ego
315 1274 425 1354 injusti
439 1272 589 1354 impieque
602 1273 672 1333 iilos
694 1270 969 1347 homiuesillasque
982 1289 1030 1329 res
1053 1268 1158 1328 dedier

150 1353 265 1414 nuncio
285 1353 388 1435 populi
401 1351 527 1414 Romani
540 1353 611 1414 mihi
634 1371 772 1432 exposco,
784 1357 848 1410 tum
861 1349 967 1430 patriae
991 1356 1158 1428 compotem

151 1453 201 1494 me
226 1452 383 1524 nunquam
396 1433 462 1494 siris
476 1435 574 1494 esse.”
616 1433 703 1502 Hsec,
726 1450 819 1510 quum
843 1430 918 1490 tines
942 1428 1160 1508 suprescandit,

153 1513 233 1581 baec,
258 1531 430 1604 quicunque
454 1514 482 1572 ei
504 1514 618 1594 primus
639 1510 802 1572 virobvius
825 1509 926 1578 fuerit,
945 1508 1020 1580 haec,
1044 1514 1160 1588 portans
1237 1534 1238 1539 ¹

151 1593 336 1673 ingrediens,
359 1593 435 1663 haec,
458 1592 556 1653 forum
580 1591 739 1685 ingressus,
763 1589 866 1672 paucis
891 1589 990 1649 verbis
1017 1587 1158 1652 conuiuis
1237 1614 1238 1617 ¹

153 1671 404 1753 concipiendique
423 1672 623 1752 jurisjurandi
645 1671 777 1741 mutetis,
799 1669 923 1751 peragit.
964 1668 1081 1728 Sinon
1104 1667 1158 1728 de·

79 1743 81 1756 '
153 1749 280 1820 duntur,
303 1771 379 1830 quos
403 1751 546 1832 exposcit,
559 1751 664 1812 diebus
687 1750 783 1810 tribus
804 1756 836 1810 et
856 1748 978 1830 triginta
1000 1746 1056 1827 (tot
1080 1747 1160 1807 enim

150 1831 296 1894 solennes
309 1833 391 1916 sunt)
416 1831 556 1912 peractis,
576 1831 689 1892 beilum
712 1830 756 1892 ite
777 1826 894 1890 indicit.
926 1825 1053 1913 [Audi
1074 1828 1159 1908 Jupi-

151 1918 212 1980 ter,
225 1917 255 1971 et
267 1917 301 1972 tu
314 1913 402 1982 Juuo,
416 1911 550 1986 Quirine,
564 1911 681 2008 'Diique
693 1931 798 1976 omnes
809 1911 959 1980 coelestes
972 1910 1163 1991 respicien-
1233 1914 1239 1922 ’

153 1997 278 2060 restres,
299 2011 413 2071 rosque
436 1991 550 2066 inferni
569 1993 681 2052 audite
730 1994 794 2074 Ego
816 2011 869 2051 vos
891 1997 995 2062 testor,
1018 1994 1161 2072 populum
1237 2014 1238 2017 ¹

153 2069 275 2142 ilium,”
296 2070 420 2151 (quicun
442 2091 480 2132 ue
494 2078 541 2132 est
553 2073 697 2154 nominat)
720 2073 891 2152 “injustum
905 2091 980 2140 esse,
999 2091 1098 2151 neque
1106 2075 1159 2154 jus
1237 2098 1238 2101 ¹

152 2147 337 2229 persolvere.
378 2093 441 2209 Sei
460 2150 498 2209 de
511 2151 578 2212 istis
596 2153 684 2232 rebus
697 2149 728 2211 in
741 2151 838 2230 patrie
850 2152 978 2230 majores
998 2156 1072 2211 nutu
1086 2173 1160 2212 con·

155 2229 383 2306 sciemusque
403 2237 492 2310 pecto
510 2231 562 2310 jus
585 2235 720 2288 nostrum
740 2229 972 2310 adipiscamur?
1014 2230 1091 2292 Cum
1113 2233 1161 2294 his
1237 2278 1238 2309 3

155 2307 286 2369 nuncius
309 2307 435 2368 Romam
462 2309 500 2369 sd
525 2307 741 2382 consulendum
761 2308 850 2369 redit
903 2308 1069 2370 Confestim
1092 2313 1160 2372 Rex
1237 2318 1238 2327 ’

154 2387 203 2448 his
226 2387 319 2446 ferme
333 2389 430 2450 verbis
452 2389 760 2451 Patresconsulebatz
781 2400 811 2426 ·“
823 2390 956 2463 Quarum
974 2391 1160 2459 rerum-liti·
1237 2402 1239 2435 i

156 2483 220 2538 um,
233 2487 388 2528 causarum
402 2469 535 2530 condixit
547 2476 632 2550 pater
683 2477 781 2530 tratus
793 2470 897 2551 populi
911 2469 1038 2532 Romani
1059 2471 1160 2544 Quiri-

156 2548 233 2608 tium
248 2547 323 2627 petri
336 2554 452 2628 patruto
471 2550 634 2630 priscorum
644 2489 826 2610 iistinorum
843 2550 1071 2630 hominibusque
1084 2551 1161 2631 pris-

158 2627 202 2686 cis
225 2627 352 2697 Lutinis
373 2648 447 2707 quas
461 2649 509 2690 res
530 2629 604 2699 duri,
618 2627 692 2698 fieri,
705 2630 780 2690 solvi
793 2631 932 2710 oportuit,
946 2650 1021 2710 quas
1035 2652 1082 2708 res
1103 2652 1163 2694 neo
1229 2628 1233 2655 ¹

157 2705 315 2777 dederunt,
329 2729 384 2768 nec
405 2708 550 2779 feceruut,
563 2729 619 2770 nec
634 2710 798 2781 solverunt,
811 2709 893 2779 dic,’'
905 2710 1006 2789 inquit
1018 2710 1056 2780 ei,
1069 2731 1162 2791 quem

158 2785 286 2868 primum
313 2788 491 2850 sententiam
512 2792 642 2870 rogabat,
669 2800 687 2826 “
696 2789 770 2870 quid
793 2794 898 2851 censes
909 2791 945 2848 ?’'
986 2791 1065 2850 Tum
1089 2790 1159 2852 ille:

158 2868 265 2928 “Puro
283 2867 393 2948 pioque
417 2869 517 2930 duello
560 2870 715 2932 uerendus
739 2890 857 2940 censeo,
878 2870 980 2948 itaque
1004 2871 1158 2932 consentio

161 2947 403 3025 consciscoque.’'
427 2949 504 3006 lude
513 2891 616 3008 oriine
627 2949 679 3010 alii
688 2952 885 3030 rogabuntur3
898 2949 1079 3029 quanddque
1089 2971 1159 3030 pars

160 3027 252 3107 major
273 3027 462 3104 eorum,qqui
480 3027 614 3095 admont,
627 3027 659 3086 in
673 3030 798 3088 eundem
812 3029 989 3088 sententium
1003 3030 1074 3098 ibat,
1096 3030 1160 3088 bel·

158 3105 220 3166 ium
233 3113 298 3167 erat
310 3116 468 3168 consensu.
509 3105 587 3168 Fieri
604 3105 734 3175 solitum,
754 3114 788 3168 ut
808 3107 925 3168 fecialis
937 3107 1052 3168 hesum
1066 3107 1161 3170 fern-

158 3193 220 3247 tam
233 3193 288 3247 aut
300 3185 491 3266 sanguineum
505 3191 667 3266 praeustam
680 3186 719 3246 ad
732 3185 808 3246 fines
822 3206 924 3246 eorum
937 3186 1038 3256 ferret,
1049 3193 1089 3257 et,
1101 3207 1161 3249 non

158 3267 259 3328 minus
272 3265 365 3327 tribus
378 3265 536 3346 puberibus
570 3259 902 3336 r's'esentibus,diceret=
932 3267 1045 3340 “Quod
1054 3269 1161 3348 populi
1217 3292 1221 3300 ·

158 3347 322 3428 priscorum
346 3345 531 3415 Latinorum,
550 3287 748 3426 imminesque
773 3346 865 3427 prisci
888 3346 991 3407 Latini
1015 3348 1160 3408 edversus

157 3426 302 3508 poputum
313 3425 482 3486 Romanum
503 3424 663 3500 Quiritium
684 3426 829 3504 fecerunt,
853 3427 1056 3506 deliquerunt,
1077 3428 1160 3507 quid

158 3503 448 3588 populusRemsnus
462 3504 622 3578 Quiritium
635 3506 746 3565 bellum
757 3527 825 3566 cum
848 3506 953 3586 priscis
965 3507 1083 3567 Latinis
1092 3509 1160 3586 jus-

160 3587 201 3648 sit
213 3601 292 3652 esse,
313 3593 490 3664 senatusque
503 3585 606 3666 populi
619 3585 746 3646 Romani
764 3585 924 3660 Quiritium
947 3586 1074 3654 censuit,
1088 3605 1160 3665 con·
1198 3621 1204 3626 ·

161 3663 264 3732 sensit,
279 3662 431 3735 conscivit,
445 3671 478 3724 ut
500 3665 611 3726 bellum
633 3686 703 3726 cum
725 3666 832 3747 priscis
856 3667 973 3727 Latinis
987 3667 1089 3733 fierem
1123 3666 1161 3726 ob

162 3765 228 3808 cam
241 3763 306 3804 rem
327 3762 380 3824 ego
390 3745 577 3836 populusque
591 3746 744 3806 Romanus
758 3747 874 3839 populis
898 3746 1060 3826 priscorum
1074 3745 1160 3804 Leti·

162 3822 512 3906 nommlhomimbusque
535 3825 641 3908 priscis
668 3825 786 3890 Latinus
808 3826 922 3890 bellum
944 3823 1044 3888 iudico
1066 3823 1158 3888 facio«
