2634 4392
564 327 694 390 mua
710 329 749 390 V.
1095 339 1156 398 181

160 487 267 546 rrum.”
323 484 410 558 Quod
423 484 528 564 pn'mb,
551 487 634 547 velut
653 494 766 549 temere
775 487 901 568 jactum,
921 489 1032 570 sperni,
1053 493 1162 573 agitari

158 565 271 628 deinde
293 565 475 627 sermonibus
496 577 629 647 coeptum
649 583 720 639 eot3
753 567 848 628 donec
869 588 945 628 unus
968 590 1006 628 ex
1027 576 1158 635 statione

154 647 294 707 Romana
330 652 541 724 percunctatus
563 646 726 726 proximum
758 647 973 726 oppiluaorum
1001 649 1075 729 (jam
1107 673 1161 731 per

155 726 406 806 lonqinquitatcm
428 724 498 784 belli
519 726 697 785 commercio
716 745 883 786 sermonum
909 727 999 807 lacto)
1021 730 1160 806 quisnam

154 803 186 864 is
207 817 297 875 esset,
317 805 368 882 qui
391 824 443 882 per
463 806 530 863 amb
539 825 601 885 rges
623 806 661 865 de
683 807 749 866 lacu
772 806 889 865 Albano
913 807 1055 885 jaceret?
1074 818 1160 888 post-

152 903 247 964 quam
275 883 389 945 audiuit
409 885 574 963 aruspicem
599 905 676 954 esse,
710 885 756 942 vir
778 885 856 943 haud
889 885 995 944 intacti
1017 888 1160 968 religione

153 964 258 1032 animi,
279 973 418 1023 causatus
437 963 477 1022 ‹le
498 963 605 1042 privati
620 965 749 1043 portenti
768 963 984 1042 procuratione,
1008 966 1034 1025 si
1057 987 1160 1047 operae

152 1043 202 1103 illi
231 1050 320 1110 esset,
347 1044 503 1100 consulere
532 1044 617 1110 velle,
637 1044 677 1103 ad
704 1043 884 1121 colloquium
913 1056 1011 1101 vatem
1044 1047 1158 1107 elicuit.

156 1123 320 1200 Quumque
340 1118 487 1200 progressi
516 1121 601 1178 arrrbo
622 1122 639 1177 el
661 1121 723 1182 suis
751 1123 868 1202 longilrs
897 1131 997 1182 essent
1017 1121 1157 1195 inermes,

154 1201 222 1261 sine
238 1202 299 1259 ullo
327 1211 426 1258 metu:
448 1200 616 1277 pravarum
633 1201 755 1278 juvenis
780 1203 930 1260 &anianus
950 1221 1050 1261 senem
1072 1202 1158 1264 infir·

154 1301 247 1348 mura,
268 1281 298 1339 in
313 1287 474 1357 conspecto
499 1278 627 1338 omnium
650 1285 777 1357 raptum,
793 1274 991 1355 nequicquam
1012 1282 1158 1341 tumultu·

154 1361 277 1420 antibus
293 1357 436 1424 Etruscis,
476 1357 513 1414 ad
529 1375 596 1416 suris
618 1357 794 1426 transtulit3
815 1361 866 1434 qni
881 1377 971 1435 quum
994 1360 1157 1437 perductur

155 1441 195 1498 ad
223 1438 438 1517 imperatorem,
460 1434 530 1493 inde
556 1438 678 1495 Romam
702 1436 740 1494 ad
770 1447 904 1494 senatum
933 1438 1041 1496 missus
1068 1439 1165 1511 esset,¹

157 1516 391 1582 sciscitantibus,
416 1513 558 1593 quidnam
573 1514 604 1572 id
619 1521 707 1582 esset,
727 1514 805 1589 quod
829 1515 867 1574 de
890 1516 955 1574 lacu
971 1518 1090 1576 Albano
1104 1520 1157 1579 do·

156 1597 280 1664 coisset,
302 1593 475 1673 respondite
504 1604 521 1630 ‘⁶
536 1593 669 1653 Profecf
700 1593 790 1652 iratos
813 1594 892 1653 Deos
917 1595 1033 1675 Vejeuti
1051 1597 1158 1675 prqrulo

154 1676 211 1735 illo
232 1675 324 1735 fnisse
338 1675 397 1741 die,
411 1692 470 1750 quo
495 1671 549 1730 sibi
565 1693 628 1731 eam
645 1681 773 1730 rnenlem
790 1674 977 1753 objecissent,
992 1685 1024 1733 ut
1044 1678 1157 1737 excidi·

154 1774 207 1812 um
229 1754 332 1832 patriae
348 1752 437 1812 letale
464 1751 627 1830 proderela
648 1752 758 1827 itaque,
773 1772 841 1828 quau
864 1763 926 1812 tum
942 1754 1084 1813 cecinerit
1111 1756 1158 1816 di-

155 1833 228 1891 rino
249 1833 355 1912 apiritu
378 1832 547 1899 instinctus,
569 1851 604 1890 aa
617 1849 650 1890 se
666 1851 730 1896 nee.
753 1845 785 1889 ut
799 1831 911 1890 indicta
927 1831 996 1896 sint.
1019 1855 1156 1897 revocare

125 1962 129 1972 .
175 1933 240 1972 osse
255 1935 262 1978 ;
275 1920 314 1972 *et
329 1911 457 1972 tacendo
472 1909 605 1978 forsitan,
626 1927 665 1988 qu
680 1933 693 1958 r
709 1909 758 1969 Dii
775 1911 954 1970 inunortnles
969 1914 1082 1993 vulgari
1104 1935 1156 1975 ve·

152 1933 225 2058 iim,
252 1992 329 2050 baud
356 1991 462 2055 minus,
483 1991 571 2067 quim
595 1989 722 2048 celanda
753 1989 879 2055 ell'ando.
902 1993 985 2050 netas
1011 1994 1156 2055 contrabi.

156 2072 209 2128 Sic
231 2071 321 2149 igitur
342 2070 423 2127 libris
443 2069 593 2136 tatalibus,
614 2068 657 2126 sic
682 2070 840 2146 -lisrinlint
863 2071 990 2129 lltrusca
1011 2073 1156 2135 traditum

156 2171 235 2216 ease,
251 2157 285 2207 ut
298 2149 419 2226 qnando
433 2166 510 2226 aqua
525 2149 642 2206 Albana
657 2148 766 2206 abund
778 2160 848 2216 sset,
863 2157 936 2217 tum,
958 2151 982 2208 si
1005 2172 1068 2209 eam
1096 2154 1156 2212 Ro·

159 2248 267 2288 manoa
289 2229 344 2286 rit:
366 2227 522 2294 emisisset,
543 2226 696 2285 victoriam
712 2227 749 2285 dc
773 2227 945 2305 l'ejentibus
967 2230 1053 2296 dari;
1073 2238 1156 2290 onte-

155 2330 247 2386 quam
261 2307 291 2366 id
307 2309 369 2374 lint,
394 2307 472 2366 lleos
486 2305 596 2365 moenia
612 2305 779 2384 Vejentlnm
795 2307 964 2366 ileserturos
979 2327 1036 2365 non
1058 2313 1156 2368 esse.'’

155 2390 387 2466 Exsequebatur
399 2384 479 2452 inde,
493 2405 563 2464 qua·
578 2385 708 2444 solennis
722 2386 867 2444 derivatio
881 2398 968 2446 esset.
1011 2389 1069 2445 Sed
1085 2410 1156 2449 auc·
1173 2454 1179 2471 ε

155 2475 252 2527 torem
266 2467 372 2534 levem,
397 2486 452 2523 nec
466 2465 643 2524 antistitium
659 2486 691 2522 so
698 2485 748 2540 per
763 2475 844 2523 trrnta
861 2485 892 2526 re
907 2477 1006 2538 patres
1021 2470 1088 2538 rati,
1103 2468 1155 2529 de·

157 2567 290 2614 crevere,
303 2546 417 2624 legatos
431 2553 584 2621 sortesque
598 2545 710 2602 oraculi
729 2543 843 2623 l'ythici
858 2547 1083 2625 exspectandae.

198 2626 283 2684 XVl.
306 2625 484 2700 Priusquam
507 2623 523 2682 ri
546 2623 669 2700 llelplris
690 2628 821 2680 ornlorea
842 2627 980 2693 redirent,
1010 2627 1157 2689 Albanive

153 2705 281 2784 prodigii
303 2705 419 2784 piacula
434 2700 650 2771 invenirentur,
664 2701 731 2759 novi
754 2701 860 2761 tribuni
876 2705 1000 2764 militum
1017 2707 1155 2767 corisula·

150 2789 178 2847 ri
193 2779 348 2864 potestate,
370 2784 406 2841 L·
429 2783 527 2842 Julius
551 2783 642 2851 luluS,
665 2783 701 2839 L.
722 2781 828 2842 Furius
851 2784 1037 2844 Medullinus
1064 2807 1155 2863 quar·

154 2867 229 2930 tbn,
252 2865 288 2922 L.
303 2863 424 2942 Sergios
440 2863 578 2929 anteum,
599 2865 637 2920 Α.
650 2862 817 2920 Postumius
830 2863 1019 2930 Reeillensis,
1033 2866 1068 2921 P.
1080 2869 1153 2924 Cor·

153 2943 256 3002 nelius
287 2939 515 3012 Maluginensis,
538 2943 575 2998 A.
603 2940 748 3007 Manlios,
773 2942 976 3014 rnrrqistrntum
1011 2942 1154 3006 inierunt.

153 3025 200 3082 llo
213 3042 291 3081 anno
304 3020 539 3097 Tarquinienses
561 3020 628 3078 novi
640 3021 740 3078 lrosles
751 3024 844 3078 exorti
860 3040 867 3086 ;
888 3021 958 3098 qnia
973 3020 1060 3079 simul
1078 3024 1153 3082 mul·

154 3104 195 3161 tis
206 3101 302 3171 bellis,
323 3101 498 3158 Volscorurn
513 3099 550 3160 ad
566 3101 682 3166 Anxur,
702 3099 750 3157 nbi
767 3098 935 3160 triennium
957 3100 1155 3173 obsidebatur,

155 3185 321 3256 illqoorum
342 3181 379 3239 ad
400 3177 534 3247 liaricos,
555 3179 606 3257 qui
627 3181 789 3237 Romanam
812 3177 851 3235 ibi
871 3178 1014 3238 coloniam
1042 3201 1118 3260 oppa
1143 3215 1154 3230 ·

156 3263 277 3326 arabant,
299 3259 404 3320 aditor.
422 3260 538 3336 l'ejenti
553 3278 673 3337 quoque
686 3265 717 3315 et
732 3255 851 3316 Falisco
864 3265 894 3316 et
908 3259 1053 3334 Capenati
1075 3203 1154 3322 belia

155 3345 316 3418 occupator
331 3341 469 3399 videbant
486 3341 642 3404 Romanoa,
657 3355 712 3395 nec
727 3337 803 3396 intra
817 3357 915 3394 muros
934 3337 1080 3412 quietiora
1102 3361 1154 3401 ne·

153 3417 236 3510 gotia
250 3439 316 3478 esne
338 3417 550 3478 certaminibus
565 3419 683 3476 l'atrunr
699 3435 733 3474 ac
748 3414 863 3494 qlebiu3
884 3415 964 3475 inter
976 3416 1041 3475 berc
1057 3418 1154 3482 lorum

152 3495 273 3576 nrjnde
301 3499 355 3558 rati
383 3517 459 3565 esse,
480 3497 643 3575 praedatum
661 3495 690 3554 in
706 3515 806 3575 agrum
831 3497 993 3554 llonrnnunr
1019 3497 1154 3562 cohortem

155 3576 313 3654 expeditas
328 3577 470 3640 mittunt:
492 3585 544 3634 aut
557 3576 635 3634 enim
660 3595 797 3653 passuros
811 3573 935 3634 inultam
958 3593 1022 3633 eam
1048 3575 1153 3655 injuri·

152 3675 202 3716 am
221 3658 379 3722 llornanos,
399 3677 437 3715 oe
452 3675 527 3713 novo
547 3653 625 3712 bello
638 3673 671 3713 se
692 3664 872 3712 onerarent:
898 3663 950 3712 aut
964 3652 1078 3726 exigui»,
1103 3679 1153 3716 oo.

156 3753 330 3814 quep'nnm
346 3735 452 3800 valido,
473 3733 606 3792 exercitu
622 3743 838 3809 persecuturos.
871 3727 1154 3814 llonmnis'indigni.

157 3823 206 3875 las
221 3833 251 3874 un
265 3817 316 3894 jur
328 3813 416 3891 qn*m
433 3833 513 3876 eura.
535 3811 731 3890 aemulationis
748 3810 1007 3886 ‘l'arqninirnsiurn
1025 3812 1098 3883 l'uir3
1119 3839 1155 3880 ρο

161 3914 219 3954 nec
231 3914 338 3976 magno
350 3903 457 3954 conatu
468 3903 619 3970 suscepte,
627 3911 684 3952 nec
692 3891 724 3950 in
738 3893 857 3970 longum
867 3891 961 3954 dilata
971 3911 1020 3954 rea
1030 3906 1085 3955 est.
1119 3903 1158 3957 Α.
