2634 4392
551 268 753 361 ornans„
1072 277 1131 336 sss

139 437 193 502 ret,
214 432 317 492 literas
337 427 376 490 ad
390 431 526 491 senatum
539 428 621 488 misit
635 449 643 487 z
664 439 681 466 ‘⁸
693 429 792 488 Deum
805 427 1015 495 immortalium
1027 429 1130 522 benig·

141 510 326 580 nitate,·''suis
340 507 480 575 consiliis
503 507 648 587 patientia
663 507 799 576 militum,
827 507 917 586 Vejns
940 513 1003 586 jam
1024 510 1085 570 fore
1100 529 1132 570 ιιι
1223 491 1225 570 l

139 600 283 670 potestate
297 588 398 670 populi
421 587 565 656 Romani3
586 587 659 666 quid
674 587 712 648 de
725 587 829 666 praeda
843 587 1011 649 laciendum
1026 607 1132 649 oense·
1224 579 1225 660 J

139 686 199 730 rent
211 673 247 728 ?”
290 671 365 727 Duae
381 674 516 726 senatum
530 667 712 727 distinebant
726 669 884 726 sententie
901 667 1009 726 :senis
1030 669 1062 726 P.
1076 669 1131 727 Li·
1224 673 1225 712 ἶ

138 750 216 819 cinii,
229 769 317 826 quem
334 747 459 826 primum
473 746 585 815 dixisse
597 748 613 804 u
627 746 689 804 filio
710 745 921 826 interrogatum
936 746 1044 814 ferunt,
1066 747 1131 808 edi·

138 828 166 887 ei
188 831 285 908 palam
299 829 417 907 plaeere
433 827 557 905 populos
573 833 616 893 ut,
640 826 692 904 qui
708 826 855 905 particeps
864 842 930 884 esse
942 826 1054 906 praedae
1068 826 1132 886 vel·
1224 823 1225 906 J

136 908 199 976 let,‘
214 908 246 966 in
271 918 369 966 eastra
383 904 472 985 Vejos
498 905 556 966 iret
570 926 578 965 ι
597 905 692 963 altera
708 915 765 984 Ap·
780 905 911 972 Claudii,
922 905 984 984 qul,
999 905 1132 986 largitio·
1224 937 1225 972 ς

137 1005 336 1054 nemausam,
370 983 714 1066 rodiganr,inaequalem,
739 985 935 1044 inconsultam
956 1003 1092 1063 arguens
1107 985 1132 1055 si
1224 1019 1225 1058 J

140 1068 232 1125 semel
249 1067 330 1124 nefas
344 1007 498 1132 ducerent,
513 1069 678 1142 captantes
697 1064 830 1126 hostibus
845 1063 875 1121 in
891 1063 994 1122 arario
1009 1063 1134 1124 exhaus-
1224 1073 1225 1136 ι

138 1152 168 1204 ιιι
183 1146 270 1206 bellis
285 1145 438 1225 pecuniam
453 1164 528 1212 esse,
541 1156 657 1221 ¹auctor
678 1155 740 1202 erat
756 1142 893 1223 stipendii
909 1163 946 1202 ex
960 1163 995 1201 ea
1008 1143 1135 1222 pecunia
1224 1169 1225 1218 j

135 1225 222 1285 militi
250 1222 436 1291 numerandi
468 1230 502 1281 ut
528 1243 564 1281 eo
591 1224 691 1280 minus·
717 1223 819 1281 tributi
847 1223 947 1301 plebes
976 1223 1133 1283 conferret
1224 1289 1225 1298 J

136 1307 242 1384 “Ejus
262 1305 343 1363 enini
363 1303 434 1363 dorii
455 1303 628 1362 societatem
650 1321 789 1362 sensuras
817 1303 972 1379 aequa-liter
999 1302 1132 1362 omnium
1224 1339 1225 1352 ι

136 1384 239 1442 dorrrus
254 1404 269 1439 :-
283 1403 343 1440 non
367 1382 471 1440 uvidas
490 1382 521 1440 in
543 1382 723 1460 direptiones
750 1401 853 1442 munus
875 1381 1032 1439 otiosorum
1048 1384 1134 1441 ιιιιιι-

135 1483 243 1522 norum
255 1467 456 1542 praerepturas
477 1459 595 1518 fortium
608 1461 785 1518 bellatorum
799 1481 851 1537 pra
861 1460 919 1518 rnia
933 1481 997 1518 esse
1013 1482 1020 1518 ε
1042 1479 1133 1538 quum
1224 1521 1225 1524 ,

134 1542 179 1603 ιιι
192 1543 284 1603 ferme
298 1539 426 1608 eveniat,
440 1544 475 1596 ut
497 1538 615 1616 segnior
629 1539 668 1596 sit
679 1539 835 1617 praedator,
858 1545 891 1598 ut
910 1540 1038 1617 ¹quisque
1054 1541 1135 1600 labo·

137 1642 179 1698 ris
203 1619 387 1700 periculique
409 1617 590 1696 praeeipuam
604 1625 714 1695 ⁴petere
727 1625 839 1699 partem
854 1621 978 1676 soleat.”
1021 1617 1136 1678 Licini·

137 1699 176 1760 us
190 1708 295 1759 eontra
308 1711 325 1733 ‘⁴
338 1704 506 1776 suspectam
531 1704 562 1757 et
575 1696 698 1756 inrisam
712 1692 828 1776 sempor
841 1694 911 1762 eam,
920 1698 1074 1776 pecuniam
1090 1699 1135 1757 fo·

135 1781 204 1848 re,”
219 1779 315 1838 aiebat
326 1797 336 1848 3
356 1788 550 1853 “causasque
570 1775 728 1834 criminum
752 1779 789 1836 ιιι
805 1777 929 1856 plebem,
957 1775 1136 1838 seditionum
1224 1797 1225 1802 ’

135 1859 209 1918 inde
234 1879 268 1918 ac
290 1858 387 1947 legum
409 1875 558 1922 novarum,
586 1857 785 1934 praebituram.
827 1855 927 1914 Satius
946 1853 1037 1936 igitur
1060 1878 1136 1928 esse,
1224 1907 1225 1910 ,

134 1937 325 1998 reconciliari
339 1956 374 1995 eo
388 1936 465 1994 dono
479 1935 573 2014 plebis
587 1935 702 1994 animos
717 1955 725 1994 r
746 1933 897 1994 exhaustis
922 1943 1013 2013 atque
1035 1938 1137 1999 exina-

135 2017 210 2077 nitis
223 2019 334 2075 tributo
348 2021 392 2073 tot
404 2035 547 2074 annorum
563 2015 720 2074 succurri:
742 2021 773 2090 et
797 2015 907 2074 sentire
923 2015 1030 2095 praedae
1055 2018 1135 2090 sruc-

135 2106 203 2158 tum
219 2117 255 2154 ex
266 2116 301 2154 eo
314 2095 401 2161 bello,
421 2095 454 2150 in
474 2114 533 2171 quo
548 2113 638 2172 prope
653 2095 885 2164 cirrrsenuerint5
903 2095 1015 2175 gratius
1029 2096 1059 2154 id
1074 2097 1136 2156 lore

135 2179 313 2254 laetiusque,
327 2172 407 2251 quod
421 2173 549 2250 quisque
561 2180 615 2230 stri
630 2193 718 2232 manu
735 2195 771 2233 ex
784 2175 868 2234 hoste
884 2182 1001 2254 captum
1016 2175 1137 2234 domum

133 2255 288 2322 retulerit,
302 2273 339 2331 qu
350 2254 390 2310 lin
404 2254 428 2310 si
444 2252 600 2331 multiplex
612 2253 735 2331 alterius
750 2253 867 2312 arbitrio
880 2254 1014 2332 accipiat.
1025 2255 1138 2332 ,Ipsum

135 2337 316 2396 dictatorern
341 2332 442 2413 fugere
465 2332 605 2392 invidiam
629 2353 666 2391 ex
682 2353 715 2392 eo
731 2333 933 2412 crirninaque3
955 2354 989 2392 eo
1003 2334 1139 2414 delegas-

135 2436 168 2474 se
183 2415 225 2475 ad
240 2419 386 2475 senattun.
428 2413 570 2470 Senatum
596 2432 715 2489 quinque
740 2413 847 2472 debere
869 2416 1010 2491 rejectam
1023 2433 1085 2471 rem
1100 2414 1138 2474 ad

134 2517 167 2555 se
205 2494 358 2560 ennittere
371 2490 461 2570 plebi,
484 2512 518 2550 ac
533 2491 593 2570 pati
608 2491 730 2560 haberej
750 2494 829 2570 quod
853 2492 960 2572 cuique
984 2493 1043 2553 sors
1068 2494 1139 2553 belli

134 2517 289 2635 dederit.'’
312 2573 390 2630 Huc
402 2571 493 2629 tutior
507 2571 570 2628 visa
585 2571 733 2630 sententia
748 2581 802 2639 est,
816 2593 883 2650 quae
899 2575 1068 2654 popularem
1092 2593 1140 2632 se-

133 2661 244 2715 natum
259 2652 397 2711 faceret.'
421 2649 562 2708 Edictum
577 2649 678 2728 itaque
701 2657 755 2719 est,
780 2651 817 2710 ad
829 2673 878 2732 pru
888 2653 957 2721 darn
971 2645 1139 2733 Vejentem,

134 2735 246 2814 quibus
258 2731 463 2800 videretunin
474 2738 573 2789 castra
586 2730 623 2788 ad
638 2730 813 2791 dictatorern
830 2733 1099 2811 proficiscerentur.

175 2814 263 2872 xxi.
286 2812 394 2890 Ingens
418 2809 552 2889 profecta
576 2810 737 2886 multitudo
758 2832 790 2869 re
812 2811 886 2870 levit
912 2815 1018 2872 castra.
1060 2815 1141 2874 Tum

137 2893 281 2957 dictator,
302 2890 455 2968 auspicati)
476 2909 622 2967 egressus,
648 2910 739 2968 quum
765 2833 917 2958 edixisset,
943 2899 1072 2962 uturum
1086 2893 1142 2952 mi·
1224 2907 1225 2910 ’

134 2974 211 3032 lites
226 2974 376 3049 caperent,
389 2980 407 3003 “
421 2968 489 3025 Tuo
503 2967 628 3036 duotu‚'’
642 2967 750 3047 inquit,
775 2981 793 3024 ,⁴⁸
806 2971 829 3028 P
853 2969 1062 3049 thies-Apollo,
1077 2978 1142 3034 tuo=

134 3073 199 3130 que
227 3049 349 3108 numine
374 3047 532 3106 instinctus
553 3069 641 3128 pergo
666 3050 703 3114 ιιι
726 3048 814 3108 delen
838 3069 883 3106 am
906 3053 1008 3110 urbem
1028 3051 1141 3128 Vejos:

132 3131 253 3208 tibique
265 3128 334 3187 hine
349 3127 502 3187 decumam
519 3135 631 3206 partein
643 3127 755 3206 praedae
770 3147 862 3186 voveo
892 3129 939 3187 Te
953 3128 1050 3196 simul,
1064 3131 1141 3191 luno

135 3209 270 3288 Regina,
293 3227 360 3285 quse
374 3225 454 3267 nunc
469 3208 559 3284 Vejos
581 3207 664 3274 colis,
688 3225 802 3286 precor,
829 3212 863 3265 ut
883 3227 938 3266 nos
962 3207 1089 3272 victores
1110 3213 1143 3272 in

136 3297 284 3360 nostram,
298 3294 439 3364 tuamque
454 3307 520 3346 mox
532 3287 786 3353 futurarnrurbem
802 3288 926 3364 sequare
942 3308 950 3346 ι
971 3289 1020 3347 ubi
1034 3299 1065 3348 te
1079 3291 1144 3374 dig-

136 3388 217 3429 num·
229 3365 424 3446 amplitudine
445 3373 499 3424 tua
524 3367 667 3443 templum
690 3366 753 3422 aeci
777 3365 850 3430 iat.”
892 3367 968 3426 Haee
995 3377 1144 3449 precatus,
1224 3423 1225 3444 2

138 3454 305 3529 superante
325 3444 528 3512 multitudine,
553 3447 589 3503 ab
604 3445 738 3503 omnihus
753 3387 828 3504 locis
848 3448 1145 3530 urbemaggreditur,

139 3550 204 3607 qun
219 3526 316 3586 minor
327 3528 362 3584 ab
377 3525 517 3586 cuniculo
537 3523 702 3615 ingruentis
724 3523 849 3603 periculi
864 3545 967 3586 sensus
982 3537 1070 3588 esset.
1085 3531 1145 3590 Ve-
1224 3563 1225 3566 ¹

135 3605 362 3688 jeptes-ignari
374 3625 404 3664 se
416 3607 475 3681 jam
490 3606 525 3662 ab
535 3623 596 3662 suis
612 3603 736 3673 vatibus,
746 3605 808 3683 jam
824 3607 859 3665 ab
874 3605 1003 3666 externis
1017 3609 1146 3670 oraculis

138 3687 286 3767 proditos,
293 3687 357 3764 jam
372 3685 402 3742 in
416 3691 530 3763 partem
542 3683 652 3764 praedae
666 3703 725 3742 sure
740 3693 859 3744 vocatos
869 3687 957 3755 Deos,
971 3687 1054 3756 alios,
1069 3689 1146 3748 votis

93 3762 94 3771 ’
135 3785 179 3825 ex
194 3767 266 3824 urbe
281 3786 335 3824 suu
350 3772 500 3830 evocatos
523 3761 651 3822 hostium
669 3757 781 3842 templa
794 3785 945 3841 novasque
960 3767 1046 3824 sedes
1061 3786 1147 3846 spec·

133 3853 216 3916 tare,
230 3865 323 3928 seque
337 3843 477 3906 ultimum
487 3842 572 3902 illum
583 3841 663 3902 diem
676 3861 763 3924 agere
778 3863 787 3913 3
800 3840 874 3904 nihil
885 3843 984 3904 minuis
996 3844 1146 3919 timentes,
