2634 4392
145 328 155 341 ⁸
187 316 245 375 124
605 310 645 369 T.
658 308 766 373 len

173 471 258 539 ‘ines
284 473 413 549 quantus
426 472 569 529 numerus
579 468 707 529 hostium
724 474 820 540 esset,
846 469 876 529 in
891 468 1068 531 stationibus
1082 467 1168 549 dispc-

183 550 290 610 nendis
312 553 351 609 sd
374 558 539 629 opportuna
552 550 647 608 omnis
662 550 741 609 urbis
755 550 830 617 loca,
844 556 938 629 egere.
992 551 1059 607 ltux
1074 550 1169 609 demde

183 623 422 706 aperuit'bellum
441 629 608 706 ducemque
620 630 702 688 belli.
743 631 850 689 Servos
864 632 901 688 ad
926 630 1095 689 libertatem
1121 633 1168 707 Ap

184 710 356 769 Herdonius
377 708 577 787 ex'Capitolio
597 713 730 776 vocabat,
764 723 781 747 “
794 711 832 768 Se
849 708 1015 768 miserrimi
1039 711 1170 789 cujusque

183 790 351 869 suscepisse
365 808 495 855 causam,
504 794 539 846 ut
553 789 672 848 exsules
682 789 790 868 injuria
804 790 906 868 pulsos
917 790 946 849 in
958 788 1083 868 petriam
1096 790 1169 847 redu·

184 881 276 939 cerel,
297 879 327 928 et
342 868 470 927 servitiis
490 888 580 947 grave
602 870 705 946 jugum
722 869 875 939 demeret3
893 870 937 927 id
961 867 1049 927 malle
1078 868 1169 947 populo

183 950 318 1025 Romano
332 958 452 1007 auctore
480 947 553 1008 lieri.
594 949 639 1005 Sl
653 948 692 1006 ibi
714 968 781 1027 spes
802 968 860 1007 nou
883 949 929 1017 sit,
952 968 985 1007 se
1003 949 1129 1013 Volscos,
1146 954 1169 1005 et

184 1030 312 1105 AEquos,
325 1039 354 1085 et
370 1026 469 1085 omnia
482 1039 614 1086 extrema
629 1034 858 1086 tentaturum—et
872 1028 1122 1087 concitaturmn.”

225 1109 308 1165 XVI.
337 1105 479 1166 Dilucere
510 1127 557 1165 res
578 1107 671 1185 magis
701 1107 839 1166 Patribus
867 1116 960 1185 atque
997 1106 1170 1165 consulibus:

183 1199 294 1265 prester
307 1208 341 1245 en
357 1194 465 1253 taruco,
492 1206 559 1263 qus:
576 1186 842 1254 denuntiabantur,
869 1207 907 1245 ne
923 1186 1104 1265 chentium,
1122 1203 1168 1241 ueu

184 1267 359 1326 Sabinorum
373 1266 404 1323 id
419 1265 573 1337 consilium
597 1279 686 1332 esset,
701 1264 826 1323 timere:
861 1278 901 1334 et,
915 1281 1009 1343 quum
1027 1272 1133 1324 rantum
1146 1263 1168 1319 in

182 1350 255 1405 urbe
281 1347 408 1404 bostium
437 1352 524 1410 esset,
545 1365 613 1402 mox
634 1344 751 1403 Sabina
775 1346 973 1422 Etruscique
997 1344 1122 1425 legiones
1139 1361 1167 1398 ux

183 1427 347 1505 composito
367 1425 526 1492 adessent3
557 1431 622 1482 tum
644 1424 750 1482 aeterui
774 1424 873 1483 hostes
896 1425 999 1483 Volsci
1028 1434 1058 1488 et
1082 1420 1168 1498 AEqui,

182 1525 242 1564 non
255 1506 291 1563 ad
314 1504 506 1584 populandos,
522 1517 556 1560 ut
568 1508 649 1570 anfi,
661 1504 746 1571 lines,
762 1506 811 1563 sed
828 1505 865 1562 ad
882 1507 993 1572 urbem,
1008 1510 1043 1563 ut
1054 1522 1088 1562 ex
1103 1508 1167 1580 parte

182 1593 309 1661 captam,
324 1582 480 1642 venirent·
509 1583 603 1640 Multi
618 1589 647 1641 et
661 1583 734 1640 varii
747 1584 866 1641 timores
879 1604 887 1652 ;
907 1584 1110 1643 iuterceteros
1120 1600 1167 1637 enr-

181 1662 282 1723 inebat
297 1675 390 1722 terror
413 1663 539 1730 servilis,
553 1684 591 1721 ne
605 1682 677 1721 suus
691 1662 798 1740 cuique
813 1664 890 1720 domi
906 1662 1000 1721 hostis
1016 1669 1114 1730 esset;
1132 1656 1168 1716 cui

181 1761 238 1803 nec
253 1743 384 1810 credere,
398 1762 464 1810 uec,
476 1763 537 1801 non
548 1743 711 1810 credendo,
727 1762 764 1800 ne
777 1742 911 1800 infestior
922 1742 1022 1810 tieret,
1034 1741 1119 1799 tidem
1129 1739 1166 1794 ab·

181 1841 295 1902 rogare,
307 1822 381 1882 satis
395 1829 459 1881 erat
481 1830 590 1881 tutum.
631 1822 749 1911 Vixque
764 1817 922 1880 concordia
942 1822 1007 1881 sisti
1030 1821 1167 1877 videbatur

181 1920 267 1981 posse
280 1923 288 1966 3
309 1910 438 1969 tantm,
451 1902 658 1979 superantibus
669 1902 736 1959 aliis
750 1920 784 1958 ac
799 1902 1016 1981 emergentibus
1026 1899 1119 1964 malis,
1129 1914 1167 1952 ne·

180 1999 230 2041 mo
243 1979 375 2038 tribunos
389 1987 441 2037 aut
458 1981 576 2059 'plebem
591 1979 734 2048 timebun
756 1980 988 2041 mans-uetum‘id
1011 1976 1129 2042 malum,
1145 1976 1166 2031 et

181 2080 235 2139 per
249 2058 373 2117 aliorum
386 2058 517 2136 quietem
532 2058 676 2116 malorum
688 2076 809 2137 semper
823 2059 969 2127 exoriens,
985 2066 1106 2135 tumque
1117 2072 1166 2111 esse

180 2140 335 2219 peregrino
355 2147 467 2197 terrore
488 2139 614 2216 sopitum
636 2137 802 2195 videbatur.
862 2140 910 2197 Ad
928 2138 958 2197 id
981 2140 1071 2219 prope
1090 2152 1166 2192 uuum

180 2220 305 2280 maxim?
323 2217 475 2280 inclinatis
490 2220 577 2274 rebus
590 2216 726 2274 incubuit
740 2236 750 2285 3
782 2224 884 2276 tantus
899 2218 977 2276 euim
992 2218 1120 2275 tribunos
1131 2212 1166 2269 t'u·

181 2317 231 2357 ror
243 2297 349 2364 tenuit,
360 2307 462 2355 utnon
473 2297 594 2362 bellum,
604 2296 655 2352 sed
671 2311 775 2353 vanem
788 2296 943 2373 imaginem
956 2296 1040 2364 belli,
1051 2296 1088 2355 ed·
1098 2310 1164 2351 aver·

180 2378 290 2437 tendos
304 2378 341 2435 ab
355 2376 429 2456 legis
438 2395 510 2433 cura
523 2374 617 2454 plebis
629 2373 751 2441 animos
764 2373 941 2453 Capitulium
956 2374 1100 2435 insedisse
1110 2388 1164 2428 cou-

182 2458 342 2521 tenderent
353 2453 571 2532 :patriciorum
584 2452 714 2530 hospites
729 2453 924 2530 clientesque,
940 2454 965 2511 si
980 2455 1095 2532 perlat&
1113 2450 1164 2524 lere
1209 2526 1210 2529 Ἴ

182 2536 293 2594 trustra
311 2535 507 2593 tumultuatos
519 2552 586 2591 esse
599 2552 632 2591 se
647 2533 786 2601 sentiant,
800 2535 920 2612 majore,
931 2554 971 2610 qu
981 2535 1022 2591 *m
1037 2527 1163 2590 venerint,
1209 2530 1210 2533 ’

183 2614 302 2675 silentio
316 2613 456 2671 abituros.
510 2610 678 2670 Concilium
692 2612 764 2671 inde
788 2612 846 2691 legi
869 2612 1053 2690 perferendae
1067 2611 1164 2671 habere»

183 2708 306 2753 avocato
321 2692 428 2771 populo
440 2693 477 2751 ab
491 2690 595 2749 armis.
631 2692 774 2749 Senatum
785 2690 901 2749 iuterim
915 2694 1055 2751 consules
1066 2690 1164 2751 habeut,

182 2772 242 2832 alio
256 2793 287 2831 se
298 2773 411 2850 majore
422 2774 458 2831 ab
471 2770 597 2829 tribunis
608 2774 690 2829 metu
705 2769 890 2838 ostendente,
903 2771 993 2848 quum
1009 2790 1097 2849 quem
1110 2783 1163 2825 noc·

181 2850 394 2914 turnushostis
407 2847 560 2919 intulerat.
595 2891 599 2895 ·
975 2921 979 2925 ⁵

222 2932 323 2996 XVII.
343 2931 505 3007 Postquam
519 2948 601 2991 anua
613 2927 692 3007 poni,
707 2936 736 2987 et
751 2928 905 2989 discedere
919 2930 1053 2989 homiues
1073 2929 1107 2987 ab
1117 2926 1162 3010 slas

182 3011 312 3073 tionibus
325 3009 500 3068 nunciatum
513 3017 569 3078 est,
593 3009 634 3075 P„
646 3007 794 3079 Valerius
819 3010 932 3089 colleg&
960 3020 1096 3070 senatum.
1109 3012 1163 3061 retr·

182 3100 285 3159 neme,
296 3111 328 3150 se
339 3109 375 3148 ex
390 3090 471 3149 curia
485 3088 619 3167 proripit,
638 3088 709 3147 inde
728 3088 759 3147 iu
773 3090 916 3168 templum
930 3089 968 3147 ad
983 3092 1112 3149 tribunos
1124 3098 1163 3168 re:

184 3173 231 3231 nit
242 3192 252 3240 ;
272 3169 377 3242 “Quid
396 3169 451 3227 hoc
466 3168 510 3228 rei
523 3170 602 3236 est‚'’
623 3168 730 3246 inquit,
751 3180 768 3205 “
780 3169 915 3227 tribuni?
956 3172 1005 3249 Ap
1037 3165 1163 3229 Herdouu

184 3253 277 3309 ductu
300 3256 331 3307 et
351 3249 482 3328 auspicio
502 3248 713 3328 rempublicam
745 3248 878 3307 eversuri
899 3248 995 3307 estis?
1036 3250 1107 3307 'l'am
1129 3238 1162 3297 f·

180 3330 227 3390 lix
240 3328 321 3387 robis
335 3317 558 3407 corrumpendis
579 3326 644 3393 tuit,
658 3325 709 3404 qui
725 3326 846 3387 servitia
867 3335 966 3403 ¹vestra
980 3348 1040 3387 non
1054 3336 1163 3406 commu(
1209 3396 1210 3399 Ἴ

184 3411 229 3477 vit
243 3406 368 3473 auctor?
388 3408 486 3478 Quum
499 3408 599 3466 hostes
613 3425 703 3484 supra
718 3416 808 3484 caput
821 3408 890 3475 sint,
905 3407 1016 3467 discedi
1031 3410 1067 3465 ab
1081 3413 1163 3462 arms,

184 3492 324 3571 legesque
333 3484 403 3544 seui
413 3488 513 3564 placet
521 3487 556 3543 ³⁵⁹
571 3486 695 3544 Indead
707 3486 926 3547 multitudinem
941 3489 1070 3547 oratione
1080 3489 1166 3540 versa:

185 3583 203 3609 ‘⁶
217 3568 249 3629 Si
269 3586 322 3625 vos
335 3564 425 3631 urbis,
446 3565 586 3637 Quirites,
611 3565 636 3623 si
650 3565 742 3623 vestri
756 3566 840 3627 nulla
854 3587 924 3625 cura
937 3568 1052 3647 tangit3
1082 3568 1111 3620 at
1122 3569 1165 3611 VOS

185 3645 328 3708 veremini
343 3646 422 3702 Deos
434 3653 559 3713 vestros
573 3646 612 3703 ab
628 3645 759 3704 hostibus
775 3655 884 3723 captos.
923 3646 1039 3725 Jupiter
1053 3640 1164 3721 optimu⁵

185 3726 340 3792 maximus,
353 3722 430 3782 luno
443 3722 554 3801 regina,
567 3732 599 3781 et
613 3723 761 3793 Minerva,
774 3726 824 3783 alii
841 3725 887 3783 uti
897 3727 1028 3803 Deaeque
1042 3717 1163 3797 obsiden-

185 3813 235 3863 tur
248 3813 265 3870 3⁴
277 3811 374 3861 castra
388 3821 538 3859 servorum
553 3802 688 3879 publicos
705 3812 818 3863 uestros
832 3813 955 3883 penates
969 3808 1077 3863 tenent.
1099 3797 1165 3857 Herc

186 3880 375 3947 sobieslaum
396 3899 478 3950 suum
492 3876 622 3979 ciuiuus
636 3882 777 3953 ridetur?
817 3884 950 3947 Tantum
973 3882 1097 3947 hostiurn
1115 3886 1166 3937 uus
