2634 4392
560 204 690 285 traua
703 202 763 275 111.
1037 284 1044 319 a
1100 206 1159 265 149

358 326 362 363 r

179 374 341 436 unviti.
362 375 530 445 Decemvir,
543 374 693 435 alienatus
706 372 745 433 ad
758 364 911 433 libidinem
925 360 1032 435 animo,
1046 366 1157 459 'pegab

163 456 322 517 “hesterno
342 457 461 516 tantdm
475 454 611 515 convicio
623 452 704 513 Icilii
723 450 926 530 uiolentiaque
939 446 1078 529 Virginu,
1101 462 1154 501 cu·

159 540 204 618 jus
216 542 322 597 testem
336 538 478 616 populum
490 537 658 595 Romanum
669 533 784 601 babeat,
805 530 859 591 sed
872 530 961 592 certis
975 545 1093 607 quoque
1106 521 1153 581 in-

163 615 242 676 diciis
257 623 440 695 compertum
454 635 486 676 se
498 615 615 684 habere,
637 618 727 673 nocte
746 616 811 673 tota
837 617 932 687 cretus
945 609 976 669 iu
996 610 1069 698 urbe
1089 604 1153 694 fac·

160 701 201 756 tos
214 715 281 756 esse
301 695 530 756 admovendam
542 692 731 755 seditionem.
770 693 877 771 Itaque
892 710 933 759 se,
960 688 1039 747 haud
1059 702 1153 745 rusm-

159 796 206 835 um
229 779 297 856 ejus
321 774 530 845 dimicationis,
553 794 622 834 cum
646 772 767 833 amatis
793 769 1006 837 descendisse;
1032 786 1092 828 nou
1118 766 1154 855 ut

159 875 324 935 quenquam
338 855 473 935 quietum
492 854 629 923 uiolaret,
650 852 705 911 aed
726 858 762 913 ut
772 854 927 913 turbantes
940 848 1069 909 civitatis
1096 850 1154 933 otp-

160 954 205 994 um
222 957 277 1016 pro
298 938 454 1017 majestate
466 934 584 1015 imperii
597 938 758 993 coerceret.
798 930 929 991 Proinde
956 927 1082 1008 quiesse
1092 927 1153 1017 ent

157 1005 270 1076 ineliua.
322 1018 369 1087 l,”
391 1014 498 1095 inquit,
519 1025 538 1051 “
549 1014 646 1081 lictor,
660 1015 800 1083 submove
814 1012 930 1081 turbam
947 1030 956 1081 ;
977 1014 1008 1069 et
1021 1008 1059 1067 da
1072 1024 1152 1063 uram
1162 1026 1182 1044 ’-

157 1096 273 1157 domino
296 1097 334 1157 ad
355 1093 600 1177 prehendendum
612 1092 825 1173 mancipium.”
867 1090 965 1167 Quum
989 1089 1054 1148 haec
1074 1083 1154 1145 into-

156 1176 269 1237 nuisset
277 1177 386 1257 plenus
398 1175 464 1244 irae,
474 1173 594 1235 multitu
605 1173 644 1233 do
656 1172 721 1255 ipsa
735 1191 767 1233 se
781 1176 851 1232 suaa
862 1166 1085 1255 pontedimovit,
1100 1164 1154 1255 de:

156 1261 293 1335 sertaque
313 1254 417 1337 proeda
429 1254 548 1347 injuriae
562 1254 664 1335 puella
675 1256 786 1313 stabat*
821 1252 901 1311 Tum
917 1248 1076 1331 Virginius,
1103 1246 1153 1304 ubl

155 1335 227 1395 nibil
241 1334 578 1414 usquamauxihividit,
601 1346 619 1371 ‘⁴
627 1334 769 1408 Quaeso‚”
779 1331 888 1413 inquit,
898 1342 915 1367 “
924 1329 1013 1410 Appi,
1023 1326 1153 1409 primum

156 1412 162 1427 '
204 1434 276 1474 osce
285 1414 380 1494 patrio
388 1414 491 1484 dolori,
502 1415 528 1474 si
537 1411 830 1493 quidinclementids
841 1412 872 1472 in
880 1416 909 1470 te
917 1428 983 1474 sum
993 1409 1131 1467 invectus
1143 1424 1152 1473 3

154 1432 266 1555 ffinde
287 1493 366 1555 sinas
386 1494 436 1555 bic
457 1510 558 1555 coram
576 1492 691 1575 virgine
711 1492 859 1553 nutricem
879 1486 1057 1571 percuntari,
1078 1483 1152 1578 quid

153 1572 207 1634 boc
222 1572 267 1633 rei
280 1573 342 1633 sit?
360 1581 404 1645 ut,
425 1575 451 1635 si
464 1574 541 1635 falsd
552 1581 639 1655 pater
651 1572 751 1632 dictus
765 1592 840 1644 sunu,
861 1571 991 1650 aequiore
1005 1568 1073 1629 binc
1088 1584 1154 1628 anu·

154 1675 201 1715 mo
223 1654 410 1724 discedam,”
452 1654 532 1713 Data
558 1658 658 1721 venit,
684 1651 803 1711 seducit
827 1650 920 1710 tiliam
944 1670 979 1711 ac
1003 1647 1153 1708 nutricem

155 1736 244 1815 prope
258 1733 411 1793 Cloacinae
426 1733 465 1793 ad
477 1735 626 1801 tabernas,
639 1732 747 1811 quibus
760 1748 840 1791 nunc
854 1729 951 1791 Novis
965 1735 1012 1791 est
1024 1744 1153 1797 nomeu3

139 1821 245 1896 xutque
268 1812 309 1873 ibi
323 1816 359 1873 ab
383 1812 464 1873 lanio
477 1813 574 1873 cultro
588 1817 715 1893 arrepto,
742 1810 836 1871 “Hoc
857 1816 978 1879 tauns,
1002 1828 1061 1888 quo
1083 1826 1151 1886 pos-

155 1895 253 1963 aum,'’
267 1893 319 1962 ait,
330 1904 350 1933 “
359 1892 455 1963 modo,
465 1892 537 1962 tilia,
557 1890 589 1953 in
602 1888 933 1965 libertatemvindico.”
973 1888 1085 1949 Pectus
1098 1886 1152 1949 de·

153 1971 223 2033 inde
243 1974 353 2054 puellae
374 1973 544 2054 transfigit3
564 1978 798 2052 respectansque
819 1972 857 2032 ad
878 1969 1016 2038 tribunal,
1043 1980 1061 2048 ‘f
1072 1969 1151 2037 Te,”

152 2052 262 2131 inquit,
275 2062 293 2089 “
304 2052 393 2131 Appi,
406 2058 551 2131 tuumque
564 2052 810 2131 caputsanguiue
818 2052 873 2111 hoc
885 2050 1057 2117 consecro?
1079 2048 1150 2109 Cla·

152 2150 237 2192 more
247 2130 287 2190 ad
297 2136 358 2190 tam
372 2137 457 2190 atrox
471 2130 587 2191 twinus
598 2135 665 2198 or'to
678 2130 795 2191 excitus
806 2131 932 2211 Appius,
960 2128 1150 2209 comprehen-

152 2212 183 2271 di
205 2210 374 2293 Virgidium
391 2212 497 2290 jubet3
516 2209 569 2269 ille
583 2210 672 2278 ferro,
694 2228 872 2289 quacunque
886 2212 957 2279 ibat,
977 2208 1056 2267 viam
1068 2209 1150 2271 face·

153 2311 203 2353 re:
234 2290 343 2360 donec,
366 2289 559 2351 multitudiue
586 2288 677 2350 etiam
702 2289 945 2369 prosequentium
971 2293 1085 2357 tuente,
1112 2288 1152 2349 ad

152 2378 267 2451 portam
286 2370 427 2451 perrexit.
467 2366 573 2431 Icilius
593 2368 843 2449 Numitoriusque
864 2388 1017 2450 exsangue
1044 2388 1151 2449 corpus

154 2452 303 2511 sublatum
316 2450 612 2531 ostentantpopu103
633 2450 733 2509 scelus
749 2449 850 2530 Appii,
874 2450 984 2531 puellae
998 2448 1151 2509 infelicem

154 2530 286 2601 somnam,
306 2530 516 2593 necessitatem
537 2530 629 2611 patris
650 2530 818 2609 deplorant.
859 2531 1026 2609 sequentes
1048 2528 1151 2589 clami·

154 2616 217 2671 tant
230 2616 386 2680 matronae,
407 2612 549 2671 “Eamne
569 2610 729 2671 liberorum
743 2610 990 2690 procreandorum
1005 2608 1150 2694 conditio·

154 2692 243 2751 nem?
264 2712 301 2751 ea
320 2690 474 2771 pudicitiae
494 2690 621 2772 praemia
641 2690 751 2751 esse?’'
773 2697 941 2769 ceteraque,
968 2708 1036 2769 quae
1051 2689 1081 2749 in
1096 2690 1151 2749 tali

153 2790 183 2830 re
202 2770 358 2831 muliebris
384 2770 478 2841 dolor,
504 2790 563 2851 quo
587 2777 635 2831 est
658 2769 794 2835 moestior
813 2770 963 2831 imbecillo
982 2770 1089 2838 animo,
1116 2790 1151 2829 eo

154 2850 331 2911 miserabilia
351 2851 445 2931 magis
464 2850 657 2929 querentibus
678 2850 805 2931 subjicit.
847 2852 984 2909 Virorum
1005 2856 1036 2909 et
1056 2850 1150 2909 maxi-

153 2932 196 2989 me
211 2928 291 2991 Icilii
307 2948 363 2989 vox
376 2935 449 2997 tota,
472 2929 640 2991 aauuniciae
654 2930 810 3011 potestatis
825 2950 859 2991 ac
873 2927 1090 3010 provocationis
1111 2930 1150 2993 ad
1203 2924 1208 2937 “

153 3012 293 3091 populum
306 3013 432 3089 ereptae,
443 3007 687 3087 publicarumque
698 3008 943 3088 indignationum,
955 3015 1028 3069 erat.

189 3090 302 3149 xmit
323 3088 500 3149 concitatur
524 3087 685 3149 multitudo
709 3089 816 3167 partim
836 3089 993 3149 atrocitate
1017 3088 1148 3160 sceleris,

152 3170 260 3248 partim
279 3188 333 3250 spe
353 3188 407 3249 per
430 3167 615 3230 occasionem
642 3168 814 3248 repetendae
836 3168 991 3228 libertatis.
1031 3170 1149 3250 Appius

152 3268 232 3307 nuuc
245 3247 345 3309 vocari
369 3247 496 3317 Icilium,
520 3268 600 3309 nuuc
621 3254 835 3311 retractantem
859 3248 969 3329 arripi3
989 3254 1147 3330 postremd,
1205 3276 1207 3281 ·

153 3348 254 3406 quum.
267 3326 349 3389 locus
364 3328 495 3389 adeundi
509 3327 723 3409 apparitoribus
744 3348 804 3388 non
824 3329 955 3399 daretur,
981 3328 1055 3409 ipse,
1078 3352 1147 3393 curn

153 3408 692 3567 pppapuppaqqmcppnffipp
705 3407 1148 3555 ttttttttltttttt

153 3566 243 3628 duces
257 3586 375 3647 quoque
388 3568 589 3631 multitudinis
609 3577 696 3645 erant
716 3570 753 3629 L.
767 3568 905 3629 Valerius
930 3576 961 3629 et
982 3571 1026 3629 M.
1050 3570 1146 3633 Hora-

155 3646 231 3719 tius3
251 3647 313 3727 qui,
326 3648 443 3729 repulso
457 3651 571 3718 lictore,
584 3649 611 3708 si
618 3652 688 3731 jure
702 3657 812 3731 ageret.
828 3649 979 3710 vindicare
1000 3668 1032 3709 se
1055 3673 1070 3707 a
1085 3653 1147 3733 pri·

154 3732 219 3785 vato
233 3727 355 3787 Icilium
368 3726 505 3791 aiebant:
526 3729 552 3788 si
563 3728 622 3787 vim
636 3730 742 3790 afferre
753 3738 920 3798 conaretur,
933 3728 973 3787 ibi
984 3748 1102 3821 quoque
1113 3754 1146 3797 se

153 3803 229 3868 haud
243 3807 373 3897 impares
384 3807 454 3872 fore.
496 3808 577 3949 lqpnp
590 3817 676 3874 atrox
689 3810 753 3873 rixa
765 3810 866 3872 oritur.
906 3808 1062 3911 Valerium
1081 3812 1146 3875 Ho-
