2634 4392
558 346 688 407 LIBER
703 342 762 405 111.

147 507 284 567 obediens
297 512 371 575 eret,
394 511 430 568 ut
441 504 580 565 beneficii
601 505 704 586 magis,
719 502 809 583 quim
822 500 1002 583 ignominiae,
1021 501 1070 564 hic
1092 521 1143 561 ex·
1208 538 1210 543 -

149 588 254 647 arcitus
275 606 396 654 mernor,
418 593 450 650 et
471 605 610 646 coronam
631 605 751 646 auream
772 582 912 643 dictatori
925 583 1030 642 libram
1045 582 1143 663 pondo
1210 601 1211 665 q

149 666 319 735 decreverit,
333 675 364 725 et
373 665 612 757 proficiscentem
625 686 694 727 eum
708 670 865 745 patronum
879 662 1063 722 salutaverit.
1084 664 1145 721 Ro·

149 767 200 810 moe
221 748 238 805 l
259 746 297 821 Q.
313 747 402 805 Fano
423 745 565 826 praelecto
585 745 666 805 urbis
688 750 809 804 senatus
830 743 946 802 habitus
959 741 1145 822 triumphan·
1210 764 1211 781 2

147 833 204 887 tem
217 826 404 900 Quinctium,
423 844 483 907 quo
496 827 634 886 veniebat
646 825 773 906 agmine,
794 824 896 883 urbem
910 821 1025 902 ingredi
1034 822 1147 902 qussit3

150 906 225 965 ducii
239 914 309 966 ante
324 925 445 964 currum
458 907 586 965 bostium
608 906 720 965 ducesr
748 902 887 963 militaria
901 902 986 982 signu
999 902 1144 982 praelator
1211 942 1212 947 κ

152 993 267 1046 secutus
281 984 431 1045 exereitus
451 984 552 1065 praedi.
567 992 701 1043 onustus.
742 984 848 1060 Epulas
868 982 1024 1043 instructae
1039 981 1146 1041 dicun·

149 1072 194 1125 tur
206 1064 299 1125 fuisse
313 1078 382 1125 ante
397 1066 527 1125 omniurn
541 1065 662 1124 domosz
683 1064 900 1143 epulantesque
925 1081 993 1121 cum
1015 1060 1147 1121 carmine

149 1145 316 1226 triumphali
327 1155 358 1206 et
372 1142 543 1214 solennibus
552 1143 639 1224 jocis,
653 1142 906 1203 commissantium
918 1142 1013 1209 modo,
1027 1160 1148 1201 currum

148 1226 242 1285 secuti
263 1233 342 1286 sunt.
381 1226 427 1285 Eo
440 1224 489 1283 die
512 1224 549 1283 1..
563 1224 700 1283 Mamilio
722 1223 905 1289 Tusculano,
919 1219 1149 1301 approbantibus
1212 1296 1213 1301 η

149 1305 274 1373 cunctis,
295 1304 401 1365 civitas
416 1304 557 1364 damasc
597 1302 764 1363 Confestim
786 1322 818 1361 se
831 1302 961 1361 dictator
973 1300 1149 1380 magistratu

148 1386 326 1451 abdicasset,
349 1385 379 1442 ni
394 1383 513 1444 comitia
534 1384 579 1443 M.
590 1382 704 1445 Volscii
718 1382 786 1442 falsi
800 1381 886 1442 testis
906 1380 1092 1441 tenuissent:
1113 1400 1150 1443 eo

148 1483 183 1523 ne
202 1463 383 1542 impedirent
404 1463 525 1532 tribuni,
547 1461 702 1523 dictatoris
724 1462 839 1523 obstitit
860 1468 966 1521 metus.
1008 1458 1148 1521 Volscius

148 1542 307 1601 damnatus
323 1543 490 1603 Lanuvium
504 1542 535 1601 in
549 1542 688 1603 exsilium
702 1542 782 1601 abiit.
824 1541 983 1615 Quinctius
997 1546 1081 1599 sexto
1095 1540 1150 1599 de·

148 1622 223 1681 cinno
244 1622 294 1681 die
307 1622 458 1683 dictatura
468 1622 499 1681 in
511 1643 564 1683 sex
576 1642 693 1683 menses
706 1628 832 1701 accepta
847 1642 879 1681 se
892 1619 1052 1681 abdicavit.
1092 1620 1150 1679 Per

150 1722 198 1761 eos
211 1702 277 1763 dies
291 1703 395 1761 consol
410 1702 541 1761 Nautius
553 1702 591 1761 ad
603 1704 727 1759 Eretum
741 1720 810 1759 cum
822 1699 938 1760 Sabinis
949 1698 1065 1835 egregsid
1075 1719 1150 1789 pug·
1213 1704 1214 1707 ’

149 1789 218 1851 nat3
240 1781 280 1840 nd
294 1790 426 1839 vastatos
439 1800 525 1860 agros
547 1801 583 1841 ea
605 1800 724 1858 quoque
748 1779 849 1839 clades
872 1782 1000 1839 accessit
1047 1776 1150 1836 abinrs.

151 1860 286 1921 Minucio
301 1860 409 1919 Fabius
424 1860 554 1934 Quintus
569 1878 724 1919 successor
734 1858 763 1917 in
777 1859 919 1939 Algidum
933 1857 1049 1917 missus.
1090 1856 1152 1917 Ex·

149 1945 243 1999 tremo
256 1940 492 2021 anno-agitatum
506 1939 544 1999 de
565 1941 631 2021 lege
644 1943 682 2000 ab
695 1938 820 2003 tribunis
834 1945 899 2009 est;
920 1938 983 2006 sed,
1006 1936 1078 2016 quia
1091 1936 1152 1997 duo

149 2020 298 2079 exercitus
318 2024 450 2088 aberant,
471 2020 595 2099 nequid
611 2017 789 2080 ferreturad
804 2019 957 2099 populum,
978 2018 1085 2077 Patres
1106 2024 1152 2077 te-

149 2118 262 2158 nuere:
281 2100 385 2188 plebes
405 2097 489 2165 vicit,
509 2107 547 2157 ut
587 2098 705 2157 uintdm
726 2099 846 2157 eosdem
860 2097 993 2157 tribunos
1008 2102 1154 2157 crearent.

149 2177 254 2270 Lupus
268 2196 347 2234 visos
360 2176 392 2239 in
402 2176 551 2255 Capitolio
564 2120 665 2252 ierunt
675 2177 692 2234 d
703 2176 826 2237 cornibus
837 2176 953 2260 fugatos
967 2197 975 2246 ;
996 2178 1032 2237 ob
1042 2176 1074 2237 id
1086 2197 1154 2258 pro·

150 2256 262 2336 digium
276 2256 436 2315 lustratum
447 2254 629 2334 Capitolium
642 2274 718 2315 esse.
759 2256 836 2315 Haec
850 2276 885 2317 eo
899 2276 976 2316 anno
989 2264 1083 2336 geste.

189 2335 288 2394 XXX.
310 2336 484 2413 Sequuntur
495 2335 632 2394 consules
645 2336 682 2409 Q.
694 2334 858 2405 Minucius,
873 2336 909 2398 C.
926 2335 1067 2397 llorutius
1082 2336 1153 2395 Pul·
1215 2390 1216 2393 ,

153 2415 252 2473 villus.
293 2414 389 2493 cnjus
402 2412 488 2476 initio
501 2413 572 2473 anni
592 2435 684 2493 quum
705 2412 777 2475 foris
790 2415 885 2474 otium
899 2422 988 2485 esset,
1011 2414 1092 2475 dorni
1106 2435 1155 2475 se·

155 2494 281 2554 ditiones
294 2493 386 2552 iidem
399 2494 520 2562 tribuni,
533 2494 638 2553 eadem
649 2494 698 2553 lex
711 2494 860 2566 faciebam
880 2496 1067 2575 ulte'ridsque
1082 2516 1155 2556 ven·

155 2578 217 2633 turn
237 2572 327 2664 soret,
348 2574 435 2652 (adeo
456 2581 630 2653 exarserant
649 2573 829 2665 animis).ni‚
849 2577 933 2635 velut
945 2576 1050 2635 dedite
1063 2581 1154 2713 qperd

156 2662 299 2714 nocturno
319 2658 431 2734 impetu
453 2654 624 2732 AEquorum
645 2653 791 2715 Corb1oue
818 2655 959 2715 amissum
981 2655 1071 2735 praesi
1094 2656 1155 2715 ium

158 2733 328 2793 nunciatum
342 2740 432 2793 esset.
473 2736 616 2793 Senatum
637 2735 776 2793 consules
790 2742 907 2804 vocant,
933 2734 1156 2795 ubentursubi-

156 2812 260 2871 terium
275 2812 404 2873 scribere
413 2812 587 2883 exereitum,
600 2820 691 2893 etque
705 2814 737 2873 in
753 2813 895 2895 Algidum
910 2757 1029 2874 ducere.
1071 2814 1156 2883 Inde,

205 2892 247 2953 ito
279 2892 354 2971 legis
381 2891 552 2963 certamine,
587 2912 665 2953 nova
687 2894 726 2953 de
751 2893 871 2953 delectu
904 2894 1055 2955 contentio
1083 2900 1158 2953 orta.

184 2971 400 3051 inrebatorque
419 2973 578 3032 consulere
590 2972 748 3052 imperium
762 2972 920 3033 tribunicio
931 2974 1051 3042 auxilio,
1064 2992 1158 3052 quum

160 3048 233 3111 alius
244 3050 369 3111 additus
384 3058 496 3110 terror:
518 3051 658 3112 Sabinum
674 3052 838 3112 exercitum
851 3052 1015 3132 praedatum
1031 3052 1158 3113 descen·

160 3128 232 3190 disse
245 3132 280 3191 in
293 3150 380 3211 agros
395 3127 555 3198 Romanos,
580 3130 652 3189 inde
673 3131 712 3191 ad
734 3134 836 3191 urbem
858 3131 966 3191 venire.
1008 3133 1039 3191 Is
1060 3139 1157 3193 metus

160 3211 294 3288 perpulit,
309 3216 343 3269 ut
356 3208 443 3269 scribi
460 3210 584 3269 militem
598 3210 711 3270 tribuni
722 3210 853 3271 sinerent
865 3231 874 3281 ;
894 3230 954 3271 non
970 3211 1034 3270 sine
1044 3211 1158 3291 pactio·

161 3305 195 3345 ne
206 3295 314 3357 tannen,
334 3294 377 3357 ut,
397 3288 536 3369 quoniam
551 3290 608 3373 ipsi
631 3290 868 3370 quinquennium
880 3290 956 3351 elusi
967 3298 1075 3359 essent,
1091 3311 1159 3371 par-

162 3386 286 3448 vumque
300 3369 330 3427 id
350 3368 429 3448 plebi
443 3369 616 3449 presidium
630 3372 717 3439 i'oret,
731 3370 835 3430 decem
846 3370 955 3429 deinde
968 3371 1080 3431 tribuni
1094 3371 1159 3450 ple·

162 3446 202 3505 bis
216 3459 397 3509 crearentur.
436 3448 594 3527 Expressit
612 3448 669 3510 boc
690 3450 854 3511 necessitas
875 3450 1030 3521 Patribus3
1051 3450 1083 3513 id
1097 3471 1160 3510 mo-

165 3524 199 3584 do
212 3547 366 3619 excepere,
380 3548 417 3589 ne
432 3536 536 3608 postea
549 3529 671 3589 eosdem
685 3530 818 3590 tribunos
828 3533 977 3611 juberent.
1017 3529 1160 3589 Tribuni·

166 3603 208 3665 cia
221 3607 342 3667 comitia
357 3611 405 3687 (ne
419 3608 450 3667 id
465 3628 584 3689 quoque
597 3616 665 3702 post
675 3610 795 3678 bellum,
812 3622 847 3669 ut
867 3618 976 3680 cetera,
989 3631 1099 3671 vanum
1113 3630 1160 3670 es-

166 3685 219 3765 set)
235 3688 386 3766 extemplo
405 3688 515 3748 habita.
555 3689 722 3749 Tncesimo
743 3696 826 3751 sexto
847 3710 925 3751 anno
947 3692 962 3747 d
984 3690 1087 3770 primis
1107 3689 1161 3749 tri·

165 3762 247 3851 bunis
261 3766 368 3847 plebis,
390 3767 494 3828 decem
509 3770 602 3829 creati
616 3782 696 3839 sunt,
715 3769 777 3830 bini
799 3790 836 3829 ex
858 3769 902 3830 sin
925 3769 982 3828 ulis
997 3770 1161 3839 classibus3

166 3847 263 3936 linque
279 3853 400 3906 cantum
423 3855 480 3919 est,
503 3854 539 3907 ut
559 3856 661 3929 postea
682 3856 853 3909 crearentur
904 3790 1031 3908 ilelectn
1052 3847 1161 3908 deinde

167 3916 271 3998 brono,
285 3924 449 3998 Minucius,
470 3936 575 3989 contra
584 3929 710 3989 Sabinos
723 3927 958 4009 profectusum
971 3928 1086 3992 invenit
1094 3926 1161 3991 bos·
