2634 4392
579 283 711 348 nisus
723 273 763 346 rss.
954 313 956 318 ·
1076 234 1165 350 'aas

168 440 282 503 vinctos
305 462 418 514 somno,
444 445 529 508 reiut
548 445 689 526 pecudes,
715 439 908 510 trucidandos
921 442 1083 522 tradidere,
1108 463 1170 508 non

170 523 427 664 lrquqqo„eundem
444 527 553 587 Ardeae
568 546 668 586 rerum
678 521 946 593 mearumexitum,
961 543 1050 602 quem
1064 523 1172 588 Romae
1213 607 1216 618 Δ

207 683 304 742 XLV.
323 684 433 766 AEquis
445 686 616 766 iniquisque
625 670 801 768 persuasum
823 666 896 752 erat,
907 673 1023 742 tantum
1035 684 1114 746 bello
1126 685 1172 745 ri·
1221 667 1222 670 Ἴ

169 780 235 826 rum
259 765 408 824 neminem
427 787 556 846 usquam
576 773 613 826 ea
637 769 816 846 tempestate
837 781 914 823 esse·
953 763 1104 825 concione
1125 765 1173 826 di·
1221 803 1222 806 =

169 840 270 912 missi,
294 864 417 926 corpora
431 853 548 915 curant,
571 845 690 915 intenti,
714 844 802 928 quim
816 861 885 904 mox
899 839 1014 982 sgnum
1029 843 1174 916 daretur;

169 940 230 1058 quo
253 923 458 1004 cumprime
480 926 598 987 silentio
614 925 717 988 noctis
743 923 782 984 ad
796 929 896 1004 portas
945 923 1045 984 amilio
1064 930 1174 1004 praesto

96 1060 97 1063 ,
184 1021 265 1062 uere.
305 1004 437 1085 Egressi,
461 1006 541 1067 haud
566 1005 669 1085 procul
694 1002 878 1073 urbe,‘sicut
900 1002 1077 1082 praedictum
1101 1011 1175 1075 erat,

172 1086 272 1143 eastra
295 1083 459 1156 Gallorum,
485 1087 585 1146 intuta
605 1084 743 1168 neglecta
764 1101 802 1144 ne
828 1084 865 1142 ab
878 1081 958 1144 omni
978 1084 1073 1163 parte
1085 1085 1175 1154 nacti,

169 1161 467 1226 clamoreinvadoot.
507 1166 665 1245 Nusquam
688 1183 753 1244 prce
779 1183 839 1233 um,
865 1160 1000 1244 omuibus
1019 1162 1094 1224 locis
1115 1181 1177 1225 cae·
1221 1185 1222 1188 ¹

167 1239 221 1302 des
234 1249 283 1302 est
296 1264 304 1303 τ
325 1244 406 1306 nuda
419 1266 548 1327 corpora,
556 1253 587 1306 et
600 1245 699 1305 solnta
712 1262 816 1302 somno
839 1241 1033 1303 trucidantur
1041 1263 1052 1314 ;
1073 1250 1174 1304 extre·

172 1339 236 1381 mos
260 1328 360 1384 tanen
374 1343 466 1405 pavor
479 1325 625 1392 cubilibus
639 1323 701 1384 suis
725 1321 848 1390 excitos,
870 1341 940 1402 quae
962 1323 1108 1386 autunde
1131 1323 1177 1384 vis

171 1405 262 1470 esset,
274 1401 403 1481 ignaros,
417 1404 449 1464 in
458 1403 570 1485 fugam,
583 1412 615 1466 et
627 1402 814 1482 quosdam'in
827 1401 942 1483 hostem
956 1402 1051 1484 ipsum
1065 1402 1177 1484 impro-

170 1479 257 1540 vidos
270 1482 341 1543 tulit
354 1503 364 1553 ;
376 1499 491 1564 'inagna
504 1504 573 1564 pars
592 1483 625 1543 in
638 1502 743 1564 agrurn
767 1481 919 1542 Antiatem
945 1482 1057 1554 delati,
1074 1482 1176 1544 incur·

170 1559 256 1620 sione
275 1564 312 1623 ab
326 1563 482 1644 oppidanis
504 1565 538 1623 in
561 1563 676 1644 palatos
690 1561 782 1630 facte,
804 1562 1087 1624 circumveniuntur.
1128 1563 1176 1623 Si·

171 1639 252 1699 milis
264 1641 295 1700 in
309 1661 378 1724 agro
391 1643 514 1723 Vejenti
527 1643 697 1702 Tuscorum
710 1641 790 1701 facta
804 1649 916 1734 strages
931 1649 977 1702 est
991 1663 999 1700 ε
1012 1643 1071 1722 qui
1086 1642 1177 1712 urbis,
1193 1701 1194 1708 ,

167 1720 233 1858 qam
246 1741 337 1800 prope
350 1723 675 1804 quadringentesimum
699 1738 809 1782 annum
823 1721 942 1790 vicmae,
969 1741 1117 1802 oppressae
1139 1725 1177 1783 ab

194 1804 259 1860 oste
272 1799 425 1862 invisitato
437 1802 641 1881 inauditoque,
667 1801 742 1862 adeo
766 1800 839 1860 nihil
855 1801 978 1862 miseriti
991 1809 1071 1872 sunt,
1098 1803 1178 1862 utin
1221 1833 1222 1836 ¹

171 1897 277 1958 agrum
292 1881 458 1944 Romanurn
472 1903 508 1943 eo
521 1890 654 1962 tempore
668 1880 852 1941 incursiones
865 1880 1008 1951 facerent,
1034 1877 1177 1964 plenique

168 1958 285 2039 praede
299 1962 390 2041 Vejos
403 1962 502 2032 etiam,
516 1962 749 2043 proesidiumque
771 1968 803 2022 et
814 1979 898 2042 spem
912 1961 1048 2024 ultimam
1068 1963 1179 2023 Roma-

172 2038 205 2099 ni
234 2039 370 2109 nominis,
395 2041 429 2103 in
448 2041 546 2102 animo
567 2042 723 2102 habuerint
736 2058 915 2122 oppugnare.
955 2041 1102 2104 Viderunt
1127 2062 1178 2104 eos

171 2116 285 2178 milites
295 2119 432 2192 Romani,
452 2127 596 2202 vagantes
608 2140 759 2202 peragras
782 2127 813 2180 et
829 2129 1028 2202 ,congregatos
1051 2124 1178 2203 agmine,

171 2198 306 2336 &edam
330 2219 396 2285 prae
408 2221 453 2262 use
474 2208 606 2283 ugentes,
620 2207 663 2262 et
689 2207 788 2260 castro
805 2202 967 2260 cernebant
981 2199 1059 2262 haud
1073 2203 1178 2282 procul

204 2277 260 2358 ejis
273 2280 370 2360 posita
383 2301 392 2351 ;
405 2281 476 2342 inde
489 2281 618 2362 primum
639 2279 791 2340 miseratio
812 2279 869 2350 sui,
882 2281 991 2341 deinde
1003 2279 1176 2361 indignitas,

172 2362 265 2436 atque
279 2379 316 2431 ex
329 2381 365 2421 ea
376 2360 422 2420 ira
434 2360 549 2422 animos
572 2360 662 2442 cepit,
688 2359 893 2420 “Etruscisne
907 2361 1005 2429 etiam,
1032 2360 1050 2419 a
1070 2361 1178 2440 quibus

170 2438 286 2499 betium
309 2440 459 2502 Gallicum
473 2441 506 2500 in
528 2461 560 2502 se
574 2436 762 2509 avertissent,
783 2439 912 2500 ludibrio
924 2440 1106 2502 esseclades
1128 2461 1179 2502 su·

171 2536 207 2577 ss
218 2517 255 2576 ?’'
296 2520 355 2580 Vix
368 2527 571 2603 temravere
585 2519 702 2588 animis,
716 2518 789 2598 quin
808 2521 957 2602 externplo
970 2522 1114 2602 impetum
1133 2521 1179 2582 fa·

172 2598 303 2658 cerent':
323 2601 544 2682 compressique
559 2601 577 2660 a
590 2597 727 2659 Caedicio
739 2600 923 2670 centurione,
946 2610 1033 2680 quem
1045 2654 1050 2662 ,
1061 2602 1180 2664 sibimet

170 2675 181 2736 i
205 2677 231 2738 si
246 2678 452 2758 prefecerant,
475 2701 538 2741 rem
561 2679 593 2740 iu
617 2687 735 2740 noctem
751 2678 928 2742 sustinuere.
970 2681 1103 2744 Tantum
1125 2701 1179 2762 par
1221 2739 1222 2744 ,

201 2755 304 2819 amilio
317 2759 413 2820 defuit
422 2767 535 2831 auctor,
550 2766 651 2821 cetera
664 2759 769 2820 eodem
782 2759 886 2822 ordine
907 2761 1070 2844 eodemque
1084 2761 1178 2823 furtu·
1219 2763 1222 2768 ’

171 2857 223 2902 11oe
237 2846 465 2920 eventugesta3
484 2840 559 2919 quin
585 2840 692 2921 etiam,
713 2840 849 2902 ducibus·
866 2840 1000 2920 captivis,
1027 2842 1079 2921 qui
1099 2841 1177 2902 credi

171 2924 329 2979 nocturnae
345 2917 562 3010 superfuerant,
586 2919 624 2979 ad
638 2919 727 2980 aliam
747 2941 868 2981 manum
882 2921 1049 2990 Tuscorum
1070 2920 1109 2980 ad
1123 2921 1179 2983 Sa·

130 3022 134 3028 ·
171 2997 252 3058 linas
265 2995 401 3079 profecti,
411 3005 499 3060 nocte
511 2999 683 3078 insequenti
696 3019 734 3060 ex
743 2999 902 3137 imqroviso
911 3002 1052 3080 majorem
1062 3001 1179 3062 caedern

173 3077 308 3148 edidere,
322 3081 363 3138 dn
384 3079 498 3159 licique
511 3078 634 3140 victoria
645 3085 770 3140 ovantes
812 3081 874 3159 ejus
888 3080 1024 3140 redeunt.

216 3159 328 3218 XLVI.
396 3180 454 3222 mae
467 3158 588 3219 interim
602 3157 776 3239 pierumque
791 3157 903 3220 obsidio
918 3159 1016 3242 segnis
1027 3165 1062 3220 et
1081 3159 1178 3222 utriu-

125 3283 129 3293 .
174 3255 237 3316 que
246 3235 398 3299 silentium
411 3259 487 3309 esse,
498 3239 537 3300 ad
548 3238 579 3299 id
592 3244 709 3300 tantum
723 3237 846 3298 intentis
861 3237 967 3308 Galus,
978 3259 1017 3300 ue
1029 3240 1097 3320 quis
1110 3240 1179 3302 hos·

173 3319 251 3378 tium
264 3319 390 3380 evadere
402 3319 484 3379 inter
494 3319 639 3380 stationes
654 3325 764 3398 'posset
776 3335 890 3397 equum
914 3321 1035 3400 repente
1057 3321 1179 3400 juvenis

173 3393 533 3461 Romanusadmiretione
546 3398 580 3458 in
592 3419 625 3460 se
637 3397 719 3459 cives
729 3397 888 3478 hostesque
902 3399 1058 3460 conuertit.
1079 3401 1179 3462 Sacri·

150 3523 156 3532 .
173 3475 279 3538 ficium
293 3486 358 3540 erat
370 3485 481 3540 statum
493 3477 688 3553 inQuiri-nali-
700 3477 776 3538 colle
789 3478 872 3559 genti
886 3478 986 3540 Fabiae
1003 3501 1012 3551 3
1032 3480 1070 3538 ad
1088 3481 1119 3539 id
1134 3480 1179 3541 se·

173 3557 317 3620 ciendum
330 3560 367 3619 C.
379 3559 488 3620 Fabius
502 3558 606 3628 Dorso,
620 3558 737 3623 Gabino
751 3557 862 3628 cinctu,
882 3578 967 3620 saera
981 3558 1116 3620 manibus
1126 3580 1179 3640 ge·

175 3657 256 3708 rens,
282 3657 374 3716 quum
396 3639 436 3700 de
449 3637 599 3719 Capitolio
612 3636 828 3708 descendisset,
850 3659 904 3718 per
917 3638 1030 3700 medias
1051 3638 1179 3704 hostium

176 3716 320 3778 stationes
330 3737 475 3811 egressus,
486 3717 559 3778 nihil
570 3719 609 3779 ad
620 3737 723 3780 vocem
737 3721 912 3800 cujusquam
922 3725 1103 3780 terroremve
1116 3739 1180 3778 mo-

101 3816 103 3825 ,
175 3801 235 3866 tus,
258 3795 291 3858 in
304 3797 487 3873 Quirinalem
501 3799 608 3860 collem
621 3798 782 3879 pervenit;
801 3798 901 3877 ibique
921 3798 1059 3858 omnibus
1080 3797 1179 3868 sulen·

172 3875 255 3939 aiter
268 3878 408 3958 peractio,
416 3879 523 3942 eudem
536 3887 691 3946 revertens
705 3877 843 3942 similiter
853 3877 1004 3942 constanti
1015 3877 1099 3944 vultu
1112 3897 1180 3960 ets·
