2634 4392
427 179 432 187 1
522 227 651 334 ulnus
666 227 707 288 ll.

97 457 98 467 ,
138 399 240 465 essem,
269 393 434 470 eodemque
462 394 596 468 tempore
616 407 653 448 ex
684 385 791 468 oppido
812 388 980 468 erupissent
1008 389 1118 462 hostes,

138 479 200 536 sorte*¹
225 472 404 534 metatione
426 470 560 529 Marcius
580 467 646 527 suit.
701 470 741 536 ls,
762 487 830 528 cum
850 470 969 529 delectu
988 471 1118 532 militum
1209 469 1210 473 ’

136 577 221 624 nanu,
241 575 300 614 non
321 551 409 611 modi
430 550 573 629 impetum
593 548 813 629 erumpentium
834 549 954 618 retudit,
986 552 1039 610 sed
1067 573 1119 632 per

137 641 273 715 putentem
294 641 409 715 portem
429 630 511 689 ferox
530 628 637 708 irrupit
648 649 658 698 3
680 629 822 707 coedeque
843 628 1019 710 in'pruxime
1038 632 1120 692 urbis

136 718 214 783 lectt,
233 715 341 794 ignem,
361 719 474 770 temere
494 719 654 788 arreptum,
673 706 894 770 imminentibus
917 729 1001 769 muro
1023 711 1120 771 euiu-

136 797 182 854 ciis
199 793 308 875 injecit.
362 791 482 850 Clamor
502 789 572 848 inde
593 787 815 868 oppidanorum,
848 789 956 849 mixtus
985 790 1120 852 muliebri

135 874 288 954 puerilique
302 871 427 952 ploratu,
441 870 480 930 ed
493 886 646 939 terrorem,
660 878 694 927 ut
707 869 791 938 solet,
811 868 905 946 primo
925 877 991 929 ortu
1015 879 1045 929 et
1060 871 1120 930 Ro·

135 954 219 1014 menis
231 951 313 1014 nuxit
340 951 480 1023 animum,
501 956 532 1007 et
544 948 675 1006 turbavit
690 947 824 1015 Volscos,
845 957 947 1026 utpote
961 959 1048 1029 coptu
1070 971 1121 1010 ur·

135 1037 172 1102 be,
185 1034 231 1093 cui
243 1034 283 1092 ad
307 1030 459 1090 ferendum
473 1048 559 1108 opens
573 1034 725 1088 venerunt.
766 1029 814 1086 ltn
827 1026 885 1088 lusi
900 1029 1002 1089 Volsci
1014 1031 1121 1100 Antio·

135 1122 180 1182 tes,
193 1111 305 1174 Corioli
324 1110 465 1190 oppidum
479 1119 599 1188 captum
608 1127 618 1177 ;
638 1114 815 1186 tentumque
829 1128 884 1166 suu
899 1107 986 1166 laude
1008 1107 1123 1174 obstitit

136 1194 211 1254 leruae
226 1192 356 1252 consulis
380 1190 521 1256 Marcius,
543 1194 586 1256 ut,
599 1187 657 1246 nisi
671 1186 771 1247 fredus
786 1206 853 1246 curn
869 1187 995 1256 Latinis
1009 1188 1123 1248 colum·

134 1283 166 1334 nt
187 1279 272 1333 nne}
292 1270 484 1348 insculptum,
498 1274 688 1326 monumento
703 1281 790 1335 esset,
811 1271 848 1326 ab
863 1267 913 1345 sp.
928 1267 1032 1334 Cossio
1053 1288 1122 1338 uno,

135 1353 194 1431 quie
207 1352 324 1428 collega
344 1347 486 1416 abfuerat,
500 1349 603 1414 ictum,
626 1346 799 1416 Postumum
820 1347 990 1408 Cominium
1011 1347 1124 1408 bellum

134 1434 254 1512 gessisse
274 1447 342 1487 curn
372 1428 497 1495 Volscis,
526 1426 668 1486 memorii
699 1428 848 1486 cessisset.
873 1476 879 1494 ,
909 1427 1023 1487 Eodem
1044 1447 1123 1489 annu

133 1511 259 1591 Agrippa
281 1507 439 1567 Menenius
461 1506 592 1575 moritur,
613 1505 657 1563 vir
677 1507 757 1565 omni
777 1506 838 1565 viti
854 1506 964 1586 puriter
984 1509 1124 1568 Patribus

133 1613 160 1650 uc
175 1589 253 1671 plebi
267 1608 352 1648 curus
364 1608 384 1658 3,
395 1596 461 1666 post
475 1585 670 1645 secessionem
693 1586 788 1647 carior
802 1587 879 1664 plebi
894 1586 1000 1646 fuctus.
1045 1589 1124 1648 Huic

132 1669 281 1750 interpreti
301 1668 470 1743 arbitroque
492 1663 660 1723 concordie
683 1663 801 1732 civium,
825 1665 920 1744 legato
942 1667 1065 1726 Petrum
1085 1667 1123 1728 ud
1181 1705 1182 1720 r

132 1752 249 1829 plebem,
270 1747 421 1815 reductori
444 1744 535 1824 plebis
552 1746 687 1804 Rorrrann
703 1743 744 1801 in.
756 1746 859 1804 urbem
871 1755 1006 1824 sumptus
1027 1745 1125 1812 funeri

133 1830 238 1899 deluit3
259 1825 448 1886 extulit'euns
465 1826 546 1903 plebs
560 1823 745 1895 sentientibus
760 1822 877 1884 collutis
891 1824 921 1882 in
937 1827 1043 1906 capita.
1085 1843 1125 1905 ,μὲι

165 1908 308 1967 XXXIV.
328 1907 476 1965 Consules
490 1904 599 1964 deinde
619 1904 658 1963 T.
673 1905 834 1984 Geganius,
851 1905 882 1962 P.
894 1903 1047 1966 Minucius
1061 1906 1124 1970 fac·

132 1989 158 2047 ti.
196 1989 243 2047 Eu
257 2007 344 2052 urrno,
364 2006 457 2063 quum
471 1995 503 2042 et
516 1984 588 2043 foris
608 1984 710 2060 quieta
722 1983 821 2043 omniu
841 1986 852 2042 l
872 1985 950 2058 bello
964 1993 1073 2054 essent,
1094 1993 1125 2050 et

97 2128 98 2137 ,
132 2068 202 2126 dorni
217 2079 326 2126 sauata
345 2063 502 2130 discordie,
512 2063 594 2122 aliud
609 2064 702 2130 multo
715 2063 834 2141 gravius
849 2065 958 2132 rnelurn
973 2066 1125 2124 civitatem

132 2147 256 2206 invasit:
278 2142 385 2202 ceritas
408 2142 533 2221 primum
548 2142 685 2208 nnnouae‘,
705 2161 742 2200 ex
769 2143 890 2200 incultis
905 2163 957 2222 per
974 2142 1125 2204 ‘secessio-

133 2246 191 2284 nem
215 2223 311 2304 plebis
324 2223 420 2301 agris3
440 2221 534 2280 furnes
548 2220 666 2287 deiude,
688 2220 783 2298 qualis
806 2221 917 2280 eleusis
938 2223 1031 2293 solet;
1053 2245 1126 2282 ven-

133 2298 251 2383 tumque
265 2303 303 2362 ad
317 2303 471 2362 interitum
495 2300 680 2360 servitiorum
696 2299 798 2378 utique
820 2313 850 2362 et
866 2302 964 2380 ,plebis
985 2311 1073 2372 esset,
1095 2304 1127 2364 ui

133 2384 266 2443 consules
281 2382 488 2461 providissent,
501 2380 631 2440 dimissis
653 2401 762 2460 pussnn
789 2379 827 2440 nd
856 2380 1036 2442 frumentum
1057 2391 1127 2441 coe·

133 2464 277 2530 mendum,
296 2483 355 2521 non
369 2461 399 2519 in
417 2462 563 2520 Etruriam
586 2461 652 2519 ruod
662 2469 671 2516 ‘r
692 2460 806 2520 dextris
820 2463 856 2520 ab
870 2463 954 2522 Ostia
967 2462 1126 2532 littoribus,

133 2543 264 2621 leveque
286 2563 339 2622 per
361 2542 484 2617 Volscus
500 2541 573 2600 suerri
596 2561 688 2618 usque
703 2541 741 2600 orl
763 2544 883 2609 Cumae,
899 2542 950 2602 sed
964 2545 1126 2620 quesitum

133 2622 157 2680 in
171 2622 305 2691 Siciliam
319 2641 457 2700 quoque3
491 2623 566 2682 ude>
580 2621 771 2693 finitimorum
786 2621 852 2680 udin
866 2621 1035 2702 longinquis
1056 2631 1125 2680 coe·

133 2717 230 2781 gerent
245 2701 377 2781 indigere
391 2700 518 2761 auxiliis.
561 2702 754 2772 Frumentum
775 2701 879 2762 Cumis
899 2721 990 2778 quum
1006 2710 1125 2782 coemp-

132 2792 188 2841 tum
209 2791 301 2848 esset,
321 2801 414 2841 naves
434 2801 486 2860 pro
505 2781 589 2840 bonis
611 2780 841 2860 'Tarquiniorum
879 2786 914 2839 ub
935 2781 1126 2842 Aristodemo

133 2869 263 2940 tyranno,
276 2859 329 2938 qui
348 2861 445 2920 haeres
458 2870 532 2928 eret,
546 2870 670 2920 retentae
693 2869 783 2930 sunt;
813 2860 842 2918 in
860 2860 976 2918 Volscis
993 2861 1125 2941 Pompti-

133 2961 222 3020 noque
238 2961 277 2999 ne
291 2937 351 2998 emi
361 2939 487 3017 quidem¹
496 2940 611 3019 potuit:
632 2941 795 3018 periculum
816 2958 934 3016 quoque
955 2943 990 2998 ub
1012 2940 1125 3020 impetu

134 3020 276 3080 bominum
297 3019 369 3110 ipsis
390 3018 650 3078 frumentatoribus
672 3019 735 3080 luit
796 3017 842 3075 Ex
863 3018 972 3078 Tuscis
993 3019 1124 3080 frumen·

134 3105 189 3158 tum
211 3102 313 3158 'l'iben
335 3099 436 3159 venitz
470 3119 505 3158 eo
525 3104 692 3158 sustentatu
713 3103 758 3156 est
786 3097 878 3176 plebs.
930 3099 1124 3162 ,Incommode

134 3180 204 3238 bello
224 3180 256 3237 in
278 3187 339 3238 tum
359 3178 451 3238 arctis
464 3178 675 3238 commeatibus
696 3177 795 3236 vexati
816 3176 923 3246 fouent,
944 3177 976 3236 ni
995 3180 1123 3250 Volscus,

131 3259 186 3337 juin
201 3270 354 3318 moventes
368 3277 460 3325 arma,
480 3256 651 3336 pestilentia
663 3256 768 3337 ingens
781 3256 937 3316 invasisset
949 3278 958 3326 ;
979 3265 1014 3318 et
1036 3261 1124 3322 clade

134 3337 296 3398 conterritis
309 3336 437 3397 hostium
456 3337 572 3405 animis,
593 3346 627 3395 ut
647 3337 746 3404 etium,
767 3338 867 3396 ubieo
880 3336 1048 3408 remisisset,
1063 3348 1123 3400 ter-

134 3440 192 3478 rore
208 3417 308 3494 aliquo
320 3425 502 3485 tenerentur,
526 3429 557 3477 et
577 3416 699 3476 Velitris
713 3437 821 3478 unxere
836 3435 989 3476 numerum
1004 3420 1122 3480 colono·

133 3518 193 3556 rurn
215 3496 350 3565 Romani,
369 3498 401 3557 et
426 3497 536 3565 Norus
558 3496 590 3556 in
612 3505 727 3557 montes
751 3516 858 3554 novum
878 3497 1032 3566 coloniam,
1053 3521 1122 3578 quae

134 3597 181 3636 arn
194 3577 224 3636 in
246 3574 401 3655 Pomptino
421 3586 509 3646 esset,
530 3577 682 3637 miserunt
737 3578 779 3634 bl.
805 3575 939 3636 Minucio
962 3578 1069 3638 deinde
1091 3588 1122 3642 et

135 3660 169 3712 A.
184 3655 357 3736 Sempronio
377 3656 555 3726 crrrrsulibus,
569 3676 674 3736 niagno
687 3655 732 3730 pis
746 3655 885 3714 frumenti
899 3677 936 3714 ex
951 3657 1051 3716 Sicilie
1066 3661 1120 3718 ud-

134 3746 234 3796 recte:
252 3736 454 3818 agitatumque
467 3733 628 3875 ianenatu,
640 3735 745 3816 quanti
758 3735 837 3816 plebi
856 3737 985 3800 duretur·
1036 3741 1119 3802 Mul·
