2634 4392
571 263 771 338 brunum.
1094 271 1152 336 mr
1217 358 1218 371 Ν

153 441 244 510 bouet,
259 435 405 505 dictatore
417 438 454 498 P.
467 435 609 498 Cornelio
623 435 715 505 dioto,
728 434 793 517 ipse
806 434 843 496 ob
856 452 892 495 eo
910 433 1051 516 magister
1065 433 1150 512 eq'ui-
1217 436 1218 445 ’

153 529 215 582 turn
224 525 354 589 oreatus,
362 519 500 600 exemplo
510 516 567 576 fuit
577 517 707 598 collegas
719 529 846 594 eumque
856 515 1150 594 intuentibusqulun

154 601 248 682 gretie
271 606 362 679 utque
385 599 477 660 honos
492 596 701 678 opportuniora
714 595 866 655 interdum
880 594 948 655 non¹
961 595 1149 676 cupientibus
1217 616 1218 667 j

154 689 262 742 essent.
302 681 422 740 Bellum
436 679 515 740 houd
535 676 723 756 memorabile
734 675 814 746 fuit,
834 682 997 758 unoutque
1018 695 1053 735 eo
1066 674 1150 742 incili

152 756 347 842 proeliocaesi
361 759 399 820 od
415 760 541 824 Antium
562 758 684 838 bustes;
705 756 802 817 victor
825 752 976 816 exercitus
988 755 1151 836 depopulo·
1217 814 1218 835 2

152 857 200 902 tus
221 840 366 901 volscum
390 859 515 919 ugrum3
542 837 698 898 castellum
713 836 753 897 ad
776 835 877 896 locum
892 834 1040 895 Fucinum
1053 835 1084 894 vi
1097 854 1151 895 ex·

151 941 189 1000 pu
233 926 336 980 otumz
357 918 491 997 etquein
520 918 626 978 eotrio
639 914 735 978 millio
756 915 908 975 bominum
923 922 1020 1007 capto,
1041 914 1151 976 ceteris
1217 926 1218 949 ³

152 999 198 1060 Vo
211 999 365 1060 scisintro
388 998 499 1060 moenio
524 995 696 1078 compulsis,
720 1015 777 1056 nec
800 995 1031 1056 defendentrbus
1055 1008 1151 1076 ugron

151 1081 298 1149 Dictator,
317 1079 398 1139 bello
412 1079 454 1137 ito
480 1085 574 1158 gesto,
595 1083 628 1137 ut
641 1077 762 1138 tontrlm
788 1095 849 1136 uon
862 1075 996 1137 defuisse
1022 1074 1151 1135 fortuna
1217 1120 1218 1127 κ

150 1156 316 1232 videretur,
338 1158 495 1227 felicitute,
515 1159 605 1238 quim
624 1156 729 1240 glorio,
749 1158 843 1236 major
868 1155 901 1215 in
925 1154 1153 1224 urbemrediit,
1216 1224 1218 1233 ᾗ

150 1259 199 1302 mu
220 1241 387 1320 'stratuque
401 1258 445 1304 ,se
473 1239 631 1300 abdicavit.
686 1235 815 1295 Tribuni
838 1235 978 1304 rnilitum,
998 1234 1152 1296 montione
1217 1282 1218 1287 1

150 1261 237 1380 nuliis
252 1319 439 1380 comitiorum
454 1318 655 1379 consularium
668 1316 770 1376 habito
786 1314 888 1395 (credo
907 1318 943 1374 ob
964 1313 1040 1376 iram
1054 1314 1153 1375 dictu·

149 1401 226 1459 toris
241 1399 347 1478 creati)
368 1399 554 1458 tribunorum
569 1398 697 1458 militum
720 1395 841 1456 comitia
862 1395 1031 1454 edixerunt.
1070 1395 1153 1454 Tum

150 1499 225 1539 vero
251 1478 371 1559 gravior
384 1493 456 1537 curu
484 1477 620 1541 Patribus
645 1475 793 1544 incessit,
814 1474 926 1556 quippe
949 1494 1042 1554 quum
1064 1473 1153 1555 prodi

151 1577 275 1620 causum
302 1559 339 1622 ob
354 1557 415 1618 suis
442 1563 609 1618 cernerent
631 1557 758 1634 ltaque
772 1554 851 1615 sicut
876 1554 974 1636 priore
998 1573 1077 1631 anno
1099 1573 1154 1635 per

150 1638 375 1720 indignissimos
390 1656 429 1696 cx
442 1635 566 1718 plebeiis
581 1636 759 1702 conditotos,
773 1634 927 1703 omnium,
942 1633 1033 1694 etium
1046 1633 1152 1714 digno-

149 1738 229 1787 rum,
250 1715 548 1787 toediumlecerunt3
569 1716 612 1775 sio
627 1721 700 1785 tum,
712 1713 890 1794 primoribus
913 1712 1041 1783 Petrum
1052 1715 1155 1794 splen·

147 1798 223 1858 dore
247 1792 405 1878 gratiaque
416 1795 628 1874 adpetendum
640 1793 825 1875 praeparatis,
846 1792 946 1854 omnio
958 1793 1025 1853 loca
1035 1793 1155 1854 obtinu-

151 1890 229 1957 ere'j
252 1895 289 1936 ne
304 1875 352 1935 cui
367 1875 482 1956 plebeio
495 1876 601 1938 aditus.
610 1883 699 1935 esset.
740 1874 874 1947 Quatuor
887 1872 982 1933 crecti
995 1879 1076 1943 sunt,
1089 1891 1154 1934 orn·

150 1974 209 2016 nes
226 1958 289 2035 jum
303 1955 399 2015 iuncti
419 1977 454 2016 eo
468 1957 586 2025 honore,
602 1957 637 2014 L.
651 1955 759 2014 Furius
773 1953 1023 2023 Medullinusc.
1035 1953 1155 2014 Valeri·

149 2056 190 2096 us
205 2036 333 2103 Potitus,
351 2035 393 2094 N.
407 2036 517 2096 Fabius
540 2037 716 2112 Vibulenus,
742 2035 779 2094 C.
794 2033 939 2094 Servilius
964 2033 1085 2105 Ahelo3
1104 2033 1153 2094 hic

148 2114 286 2175 refectus
301 2114 476 2175 continuato
499 2116 620 2184 honore,
640 2135 733 2194 quum
746 2117 782 2174 ob
796 2114 873 2176 olins
884 2113 1022 2185 virtutes,
1038 2119 1104 2174 tum
1116 2117 1154 2176 ob

147 2198 307 2268 recentem
319 2193 448 2254 levorem
462 2196 553 2256 uniet
568 2194 772 2254 moderatione
786 2192 788 2195 ’
806 2200 912 2255 crtum⁴

190 2271 310 2335 LVIII.
338 2273 382 2334 llo
403 2293 490 2343 anno,
509 2273 587 2355 'quio
611 2283 729 2355 tempus
742 2274 774 2334 in
796 2273 931 2333 uoiorum
946 2292 1014 2332 cum
1026 2273 1151 2352 Vejenti

146 2352 267 2446 populo
290 2353 412 2423 exierat,
423 2372 426 2380 ’
437 2375 491 2436 per
503 2355 616 2436 legatos
636 2354 820 2434 sociatmque
833 2373 882 2414 res
906 2352 1002 2434 repeti
1021 2358 1155 2434 coeptae;

149 2437 262 2516 quibus
283 2431 471 2498 venientibus
485 2436 524 2496 od
541 2437 632 2496 finem
646 2434 755 2516 legatio
769 2432 943 2514 Vejentium
957 2432 1074 2509 obvium
1086 2432 1154 2495 fuit.

147 2517 284 2582 Peticre,
304 2522 345 2573 ne
368 2513 461 2594 prius,
475 2516 567 2594 quim
588 2515 646 2595 ipsi
660 2515 799 2574 senatum
820 2515 987 2573 Romanum
1007 2513 1154 2586 odissent,

147 2595 247 2675 Vejos
267 2593 361 2653 iretur
373 2613 383 2664 ς
403 2595 439 2653 ob
453 2597 558 2655 senatu
574 2594 774 2676 impetratum,
788 2593 859 2673 quio
872 2592 1023 2658 discordit
1036 2593 1155 2654 intesti-

148 2681 192 2735 ne
208 2675 379 2734 laborarent
394 2673 544 2752 Vejcntm,
566 2695 604 2754 ne
618 2672 667 2734 res
680 2676 718 2734 ab
730 2673 776 2734 iis
788 2680 1016 2755 repeterentur;
1035 2680 1156 2736 tontum
1217 2714 1218 2717 =

148 2753 259 2822 abfuit,
276 2761 310 2814 ut
323 2773 361 2814 ex
374 2752 562 2816 incommodo
584 2755 682 2816 alieno
699 2756 754 2814 suu
773 2753 899 2816 occusio·
912 2760 1073 2834 peteretur.
1113 2756 1156 2817 Et

149 2835 186 2894 in
202 2832 324 2922 Volscius
344 2841 469 2918 occepta
483 2834 595 2904 clades,
610 2836 720 2895 amisso
733 2831 901 2916 Verrugine
920 2834 1086 2916 proesidio;
1106 2835 1158 2895 ubi

148 2919 274 2976 tontum
300 2929 332 2970 ru
357 2919 489 2990 tempore
513 2914 571 2973 luit
598 2913 749 2983 momenti,
776 2919 820 2982 ut,
844 2933 938 2992 quum
963 2912 1156 2993 precantibus

149 2989 413 3074 opem'militibus,
431 2993 491 3070 qui
506 2992 547 3052 ibi
560 3010 578 3052 o
593 2993 710 3052 Volscis
724 2991 944 3062 obsidebuntur,
966 2994 1110 3063 succurri,
1131 2994 1158 3053 si

148 3077 336 3134 maturatum
352 3076 443 3139 esset,
465 3072 668 3151 potuisset‘od
683 3072 714 3130 iu
728 3075 845 3133 venerit
860 3074 1010 3132 exercitus
1023 3073 1156 3134 subsidio

147 3154 273 3220 missus,-
292 3159 327 3210 ut
340 3155 377 3210 ob
392 3153 508 3211 recenti
522 3153 608 3214 crede
621 3151 714 3232 peleti
728 3150 768 3220 orl
780 3153 976 3232 prredonrlum
991 3153 1089 3214 hostes
1103 3175 1158 3236 op·

148 3231 364 3315 primerentur.
406 3231 573 3292 'sorditatis
588 3238 681 3292 cause·
700 3234 734 3292 in
749 3240 857 3293 senatu
865 3232 965 3314 mugio
977 3231 1045 3302 fuit,
1066 3235 1158 3314 quim

146 3315 183 3373 in
212 3307 338 3370 tribunis
354 3329 375 3368 :⁴
389 3310 450 3390 qui,
464 3311 534 3390 quio
549 3317 665 3372 s'ummt
678 3312 708 3373 vi
723 3323 835 3374 restme
849 3313 1078 3382 nunciabantur,
1103 3335 1158 3397 po·

146 3411 221 3452 rum
236 3389 449 3470 cogitaverunt,
464 3393 547 3451 nulle
558 3393 670 3452 virtute
689 3392 823 3472 superori
837 3393 1033 3454 humanorum
1046 3394 1156 3455 virium

147 3471 287 3534 modum.
327 3470 495 3530 Fortissimi
515 3471 625 3533 milites
650 3492 711 3532 non
724 3460 844 3542 tamem
863 3473 1005 3543 uec'riri,
1018 3493 1075 3534 nec
1088 3484 1158 3556 post

147 3555 291 3618 mortem,
305 3547 396 3608 inulti
407 3551 500 3611 fuere.
542 3552 718 3632 insequenti
739 3573 828 3624 auno,
843 3553 876 3619 P.
890 3559 921 3613 et
934 3553 992 3613 (ln.
1007 3553 1158 3616 Corneliis
1217 3624 1218 3631 χ

151 3632 273 3699 Cossis,
288 3629 330 3688 N.
356 3629 446 3690 Fobio
461 3633 618 3701 Ambusto,
633 3633 670 3692 b.
683 3633 806 3694 Valerio
819 3633 927 3704 Potito,
941 3632 1069 3699 tribunis
1083 3634 1163 3695 rnili-

150 3721 223 3772 tum
237 3707 388 3770 consulari
402 3717 560 3790 potestate,
588 3713 701 3793 Vejens
726 3713 841 3781 bellum
863 3725 977 3774 motum
1002 3716 1038 3775 ob
1058 3734 1163 3807 super-

147 3795 229 3854 bum
255 3809 432 3870 responsum
446 3793 583 3872 Vejentie
602 3799 747 3862 senatore
768 3792 821 3876 qui
834 3793 941 3879 legetis
963 3797 1165 3876 repetentibus
1217 3826 1218 3829 ¹

152 3887 220 3940 reu,
242 3871 275 3930 ni
288 3869 474 3938 lucescerent
493 3873 620 4014 propere
640 3876 714 3936 urbe
726 3873 906 3959 finibusque,
926 3874 1061 3948 dotores,
1072 3876 1163 3964 „quod
