2634 4392
187 345 247 400 230
611 340 652 401 ¹1¹.
665 341 773 404 LIVII

186 517 237 560 nno
263 499 432 561 conciverat
457 484 595 579 publicus
620 519 722 591 pavor,
759 498 976 564 obsecrationes
1001 496 1036 557 in
1063 501 1175 582 'templis

187 579 294 639 factae:
315 580 513 658 precibusque
526 581 563 638 ab
586 579 651 638 Dira
673 581 808 659 petitum,
835 585 871 638 ut
892 577 1017 638 exitium
1043 581 1082 638 ab
1104 581 1176 638 urbia

187 658 276 717 tectis
299 659 478 738 templisque
489 678 524 716 ac
548 655 695 718 moenibus
709 658 850 718 Romanis
865 664 1012 725 arcerent,
1033 657 1176 738 vejosque

186 756 254 796 curn
267 746 439 798 averterent
447 745 598 805 terrorem,
618 738 644 796 si
657 755 744 800 sacra
754 743 896 798 renovata
909 737 974 803 rite,
990 737 1015 795 si
1025 747 1177 816 procurata

185 816 322 895 prodi.ia
336 824 446 876 essent.

228 896 312 954 XlX.
332 897 399 956 Jarn
413 896 478 955 ludi
497 897 675 976 Latinaeque
689 897 863 957 instauratae
878 901 965 962 erant
979 915 988 954 ε
1004 897 1065 974 jam
1091 917 1129 954 ex
1139 896 1177 955 la·

189 993 226 1031 cu
243 976 360 1034 Albano
373 997 452 1055 aqua
464 979 573 1039 amissa
586 976 617 1033 in
638 995 739 1057 agros,
759 977 906 1056 vejosque
919 975 983 1034 fata
996 977 1177 1055 appetebant.

189 1052 295 1132 Igitur,
309 1054 409 1113 fatalis
423 1057 483 1115 dun
497 1056 535 1114 ad
550 1055 699 1124 excidium
714 1055 795 1114 illius
809 1054 888 1114 urbis
902 1055 1117 1132 servandaeque
1129 1075 1177 1134 pa·

186 1134 267 1200 triae,
279 1133 323 1191 M.
337 1133 443 1194 Furius
457 1135 616 1211 Camillus,
629 1136 758 1194 dictator
779 1135 877 1194 dictus
903 1132 1075 1212 magistrum
1099 1133 1178 1210 equi·

189 1216 254 1268 tum
275 1213 309 1270 P.
323 1212 497 1273 Cornelium
512 1214 681 1294 Scipionem
694 1213 778 1274 dixit.
820 1212 926 1271 Omnia
951 1214 1074 1292 repente
1087 1218 1175 1270 muta-

188 1297 273 1349 verat
286 1291 445 1370 imperator
458 1301 590 1352 mutatus
605 1314 614 1360 ;
634 1294 693 1350 alia
706 1312 784 1372 epea,
804 1292 881 1350 alius
895 1291 1011 1350 animus
1026 1291 1174 1360 hominum,

189 1367 309 1428 fortuna
322 1391 441 1449 quoque
454 1372 513 1430 alia
533 1371 613 1428 urbis
626 1371 731 1428 videri.
771 1371 909 1430 Omnium
925 1370 1052 1450 primum
1073 1373 1102 1428 in
1122 1391 1174 1437 eos,

190 1447 242 1524 qui
259 1451 275 1506 ai
290 1450 373 1526 Vejis
387 1451 418 1507 in
430 1451 484 1509 illo
505 1470 613 1529 pavore
633 1451 782 1530 fugerant,
805 1471 886 1508 more
910 1448 1034 1508 militari
1054 1451 1176 1509 animad-

189 1527 289 1594 vertit,
303 1527 469 1606 adiecitque,
497 1549 535 1588 ne
556 1529 649 1589 hostis
672 1531 797 1588 maxime
811 1530 962 1588 timendus
984 1529 1068 1587 militi
1081 1537 1176 1597 easet;
1226 1603 1227 1606 Ἴ

189 1604 307 1672 deinde,
329 1605 442 1666 indicto
456 1607 574 1668 delectu
590 1607 619 1681 in
635 1608 712 1668 diem
730 1614 849 1675 certam,
877 1607 941 1686 ipse
962 1607 1074 1666 iuterim
1089 1607 1175 1686 Vejas
1226 1665 1227 1668 ,

189 1683 229 1742 ad
243 1685 460 1745 confirmandos
475 1688 602 1747 militum
625 1687 739 1746 animos
760 1688 952 1748 intercurrit:
972 1687 1041 1746 inde
1059 1688 1175 1744 Romam

191 1763 230 1822 ad
259 1766 447 1824 scribendum
469 1785 576 1829 novum
598 1767 762 1828 exercitum
788 1768 875 1835 redit,
895 1767 980 1825 nullo
1001 1768 1175 1824 detrectante
1226 1795 1227 1840 ;

191 1842 337 1902 militiam.
378 1847 539 1924 Peregrina
563 1846 652 1904 etiam
675 1849 830 1924 juventus,
865 1845 966 1904 Latini
996 1845 1175 1921 Hernicique,
1226 1845 1227 1884 l

191 1937 310 1998 operam
339 1941 421 1982 suam
448 1924 623 2002 pollicentes
649 1927 687 1982 ad
723 1925 753 1982 id
778 1927 889 1984 bellum
916 1945 1048 1984 venere:
1080 1923 1174 2004 quibus

190 2018 279 2074 quum
295 2003 405 2080 gratias
428 2001 459 2059 in
475 2011 580 2062 senatu
595 2003 705 2083 egisset
719 2003 856 2073 dictator,
881 2004 953 2063 satis
974 2009 1039 2084 jam
1053 2003 1174 2062 omnibus

189 2077 271 2136 adid
293 2081 401 2138 bellum
417 2082 537 2159 paratis,
562 2083 648 2142 ludos
663 2104 784 2163 magnos
806 2105 843 2143 ex
857 2084 1112 2142 senatusconsulto
1130 2101 1175 2138 va·

189 2155 233 2213 vit
247 2158 329 2238 Vejis
344 2160 440 2238 captis
454 2161 667 2236 selectarum
688 2163 842 2243 aedemque
859 2163 988 2222 Matutae
1009 2163 1110 2221 matris
1134 2179 1174 2218 re-

187 2234 298 2296 sectam
313 2239 532 2311 dedicaturum,
554 2244 616 2322 jam
638 2243 707 2303 ante
720 2243 757 2301 ad
780 2263 846 2324 rege
862 2249 926 2301 Ser.
940 2242 1042 2300 Tullio
1057 2240 1175 2300 dedica·
1225 2287 1226 2304 ,

190 2321 262 2375 tam.
304 2321 457 2378 Proiectus
481 2341 547 2379 curn
569 2323 701 2381 exercitu
724 2325 845 2380 aburbe
861 2323 1078 2400 exspectatione
1090 2317 1179 2377 lromi·
1225 2307 1226 2348 l

190 2414 261 2453 num
284 2402 403 2477 majore,
424 2401 513 2474 qum
527 2421 587 2479 spe,
601 2403 632 2457 in
647 2421 717 2480 agro
731 2401 859 2480 prirndm
875 2402 1029 2479 Nepesino
1047 2419 1105 2458 cum
1120 2399 1178 2455 Fa·

188 2472 271 2533 liscis
287 2485 316 2534 et
330 2479 532 2567 Capenatibus
554 2479 640 2558 signa
654 2480 778 2538 consent.
819 2479 926 2538 Omnia
950 2480 990 2538 ibi
1014 2478 1121 2540 summi
1135 2497 1179 2533 ra-

189 2552 271 2612 tione
285 2557 467 2633 consilioque
482 2565 549 2617 acta
563 2559 680 2623 fortuna
694 2557 793 2627 etiam,
806 2567 841 2618 ut
855 2560 898 2628 lit,
921 2565 1024 2618 secuta
1037 2565 1103 2619 est:
1124 2575 1178 2612 mm

190 2632 297 2712 proelio
311 2636 427 2693 tantun
444 2637 521 2695 fudit
535 2638 645 2706 hostes,
660 2639 711 2696 sed
727 2637 832 2697 castris
847 2659 965 2716 quoque
980 2639 1072 2705 exuit,
1085 2637 1179 2715 ingan·

191 2709 274 2784 tique
298 2714 400 2787 praeda
414 2722 460 2770 est
474 2717 586 2792 pqtitus
601 2737 610 2782 ;
631 2719 716 2793 cujus
731 2737 799 2794 pars
814 2719 943 2776 maxima
956 2719 993 2778 ad
1009 2724 1180 2796 quoestorern

190 2787 312 2846 redacta
324 2803 392 2846 est:
413 2790 492 2850 haud
518 2792 561 2851 ita
575 2794 699 2851 multum
721 2795 810 2852 militi
834 2795 945 2855 datum.
987 2797 1063 2856 lude
1076 2795 1112 2856 ad
1125 2795 1180 2850 Ve-

185 2865 396 2945 josexercitus
411 2871 530 2946 ductus,
557 2872 754 2950 densioraque
776 2877 901 2934 castella
922 2875 1021 2946 foeta3
1042 2883 1072 2936 et
1092 2877 1182 2952 epro-
1224 2909 1225 2938 r

192 2947 419 3016 consationibus,
447 2970 514 3030 quae
536 2952 638 3013 multae
669 2954 781 3010 temere
805 2954 885 3013 inter
902 2954 1185 3015 murumacvallum

150 3076 153 3080 .
190 3024 309 3095 fiebant,
337 3029 445 3097 edicto,
472 3050 510 3088 ne
532 3031 597 3109 quis
612 3031 727 3110 injussu
745 3027 896 3111 pugnaret,
921 3035 958 3094 ad
985 3055 1059 3114 opus
1079 3033 1183 3092 militas

189 3107 330 3165 traducti.
371 3109 500 3187 Operum
515 3109 571 3168 fair
585 3111 715 3170 omnium
734 3111 821 3187 longe
836 3113 994 3173 maximum
1011 3135 1045 3176 ac
1065 3113 1185 3172 laborio-

189 3184 349 3254 sissimum,
377 3189 532 3247 cuniculus
556 3190 587 3248 in
602 3210 698 3249 arcem
725 3191 851 3250 bostium
878 3194 924 3272 agi
946 3201 1089 3273 coeptus3
1108 3189 1184 3270 quod

189 3279 229 3319 ne
244 3262 490 3326 intermitteretur
504 3288 586 3347 opus,
608 3289 666 3328 neu
687 3271 741 3326 sub
762 3267 840 3329 terra
855 3273 1014 3332 continuus
1028 3274 1112 3332 labor
1127 3289 1186 3330 ens·

191 3339 257 3399 dem
273 3344 442 3413 conficeret,
462 3346 493 3404 in
518 3356 617 3425 partes
632 3366 685 3406 sex
700 3349 878 3411 munitorum
895 3368 1049 3411 numerum
1065 3351 1188 3410 divisit:

190 3437 272 3481 senae
299 3423 379 3481 horae
401 3425 433 3482 in
456 3428 556 3485 orbem
576 3427 657 3506 operi
679 3427 829 3490 attributae
851 3441 943 3490 sunt:
975 3439 1064 3490 nocte
1086 3453 1121 3492 ac
1144 3429 1189 3488 dia

191 3517 344 3578 nunquam
359 3504 428 3560 ante
442 3505 593 3574 omissum,
614 3507 705 3582 quim
718 3506 749 3566 in
764 3529 861 3568 arcem
875 3511 951 3568 viam
967 3511 1113 3572 facerent.

210 3581 298 3638 xXX.
319 3581 465 3649 Dictator,
485 3603 576 3661 quum
597 3586 661 3662 jam
685 3586 869 3648 inmanibus
893 3589 1010 3650 videret
1036 3592 1188 3650 victoriam

195 3675 269 3725 esse,
296 3661 398 3716 urbem
422 3661 675 3739 opulentissimam
697 3666 771 3744 capi,
798 3671 975 3748 tantumque
989 3671 1106 3748 praedae
1123 3671 1189 3730 sore.

192 3743 335 3811 quantum
348 3756 407 3795 non
422 3739 556 3800 omnibus
577 3741 608 3800 in
624 3761 715 3803 unuin
730 3746 845 3804 collatis
860 3749 929 3806 ante
950 3748 1038 3806 bellis
1060 3747 1169 3808 fuisset
1184 3765 1189 3806 ;

190 3829 229 3894 ne
244 3833 331 3889 quam
348 3814 417 3874 inde
442 3826 500 3877 aut·
514 3820 642 3880 militurn
656 3822 731 3882 iram
746 3843 782 3882 ex
796 3826 980 3906 malignitate
994 3828 1111 3916 praedae
1128 3846 1189 3908 par·

191 3889 267 3956 fllaes
294 3899 346 3953 aut
358 3893 499 3960 invidiam
513 3899 593 3983 apud
612 3901 717 3962 Patres
738 3921 775 3964 ex
788 3903 910 3987 prodiga
930 3907 1090 3990 largitione
1105 3924 1189 3987 cape·
