<?xml version="1.0" encoding="UTF-8"?>
<!DOCTYPE html PUBLIC "-//W3C//DTD XHTML 1.0 Transitional//EN"
    "http://www.w3.org/TR/xhtml1/DTD/xhtml1-transitional.dtd">
<html xmlns="http://www.w3.org/1999/xhtml" xml:lang="en" lang="en">
 <head>
  <title>
</title>
<meta http-equiv="Content-Type" content="text/html;charset=utf-8" />
  <meta name='ocr-system' content='tesseract 3.04.00' />
  <meta name='ocr-capabilities' content='ocr_page ocr_carea ocr_par ocr_line ocrx_word'/>
</head>
<body>
  <div class='ocr_page' id='page_1' title='image "./titiliviipatavi02livygoog_0077.png"; bbox 0 0 2634 4392; ppageno 0'>
   <div class='ocr_carea' id='block_1_1' title="bbox 546 250 1143 358">
    <p class='ocr_par' dir='ltr' id='par_1_1' title="bbox 546 250 1143 358">
     <span class='ocr_line' id='line_1_1' title="bbox 546 250 1143 358; baseline 0.012 -40"><span class='ocrx_word' id='word_1_1' title='bbox 546 251 733 320; x_wconf 75' lang='lat' dir='ltr'><strong>urrann.</strong></span> <span class='ocrx_word' id='word_1_2' title='bbox 865 349 868 358; x_wconf 20' lang='grc' dir='ltr'>Ι</span> <span class='ocrx_word' id='word_1_3' title='bbox 1105 250 1143 310; x_wconf 67' lang='lat'><strong>89</strong></span> 
     </span>
    </p>
   </div>
   <div class='ocr_carea' id='block_1_2' title="bbox 102 407 1216 3292">
    <p class='ocr_par' dir='ltr' id='par_1_2' title="bbox 102 407 1216 3292">
     <span class='ocr_line' id='line_1_2' title="bbox 103 407 1216 492; baseline -0.013 -11"><span class='ocrx_word' id='word_1_4' title='bbox 103 456 104 465; x_wconf 57' lang='lat'><strong>,</strong></span> <span class='ocrx_word' id='word_1_5' title='bbox 156 420 205 481; x_wconf 86' lang='lat' dir='ltr'><strong>rati</strong></span> <span class='ocrx_word' id='word_1_6' title='bbox 217 420 332 489; x_wconf 85' lang='lat' dir='ltr'><strong>essetis,</strong></span> <span class='ocrx_word' id='word_1_7' title='bbox 344 416 528 478; x_wconf 89' lang='lat' dir='ltr'><strong>moriendum</strong></span> <span class='ocrx_word' id='word_1_8' title='bbox 543 409 679 478; x_wconf 82' lang='lat' dir='ltr'><strong>omnibus</strong></span> <span class='ocrx_word' id='word_1_9' title='bbox 692 419 777 478; x_wconf 82' lang='lat' dir='ltr'><strong>fuit?</strong></span> <span class='ocrx_word' id='word_1_10' title='bbox 817 415 937 476; x_wconf 83' lang='lat' dir='ltr'><strong>Bellum</strong></span> <span class='ocrx_word' id='word_1_11' title='bbox 950 407 1033 492; x_wconf 79' lang='lat' dir='ltr'><strong>vobis</strong></span> <span class='ocrx_word' id='word_1_12' title='bbox 1048 407 1145 470; x_wconf 80' lang='lat' dir='ltr'><strong>indic·</strong></span> <span class='ocrx_word' id='word_1_13' title='bbox 1214 443 1216 458; x_wconf 45' lang='grc' dir='ltr'><strong><em>ι</em></strong></span> 
     </span>
     <span class='ocr_line' id='line_1_3' title="bbox 103 489 1145 579; baseline -0.013 -18"><span class='ocrx_word' id='word_1_14' title='bbox 103 510 104 521; x_wconf 74' lang='grc'>’</span> <span class='ocrx_word' id='word_1_15' title='bbox 156 508 212 560; x_wconf 86' lang='lat' dir='ltr'><strong>tum</strong></span> <span class='ocrx_word' id='word_1_16' title='bbox 230 508 296 570; x_wconf 83' lang='lat' dir='ltr'><strong>est3</strong></span> <span class='ocrx_word' id='word_1_17' title='bbox 318 519 423 579; x_wconf 81' lang='lat' dir='ltr'><strong>magno</strong></span> <span class='ocrx_word' id='word_1_18' title='bbox 444 519 544 558; x_wconf 86' lang='lat' dir='ltr'><strong>eorum</strong></span> <span class='ocrx_word' id='word_1_19' title='bbox 565 501 653 567; x_wconf 90' lang='lat' dir='ltr'><strong>malo,</strong></span> <span class='ocrx_word' id='word_1_20' title='bbox 680 500 732 577; x_wconf 91' lang='lat' dir='ltr'><strong>qui</strong></span> <span class='ocrx_word' id='word_1_21' title='bbox 753 495 896 564; x_wconf 80' lang='lat' dir='ltr'>indixere,</span> <span class='ocrx_word' id='word_1_22' title='bbox 917 497 943 556; x_wconf 87' lang='lat' dir='ltr'><strong>si</strong></span> <span class='ocrx_word' id='word_1_23' title='bbox 964 494 1020 554; x_wconf 86' lang='lat' dir='ltr'><strong>viri</strong></span> <span class='ocrx_word' id='word_1_24' title='bbox 1042 489 1145 579; x_wconf 43' lang='lat' dir='ltr'><strong>estis?</strong></span> 
     </span>
     <span class='ocr_line' id='line_1_4' title="bbox 102 570 1146 659; baseline -0.013 -18"><span class='ocrx_word' id='word_1_25' title='bbox 102 577 103 623; x_wconf 59' lang='lat' dir='ltr'><strong>i</strong></span> <span class='ocrx_word' id='word_1_26' title='bbox 156 581 196 640; x_wconf 85' lang='lat' dir='ltr'><strong>Ita</strong></span> <span class='ocrx_word' id='word_1_27' title='bbox 208 589 237 640; x_wconf 92' lang='lat' dir='ltr'><strong>et</strong></span> <span class='ocrx_word' id='word_1_28' title='bbox 250 588 300 639; x_wconf 62' lang='lat' dir='ltr'><strong>su*</strong></span> <span class='ocrx_word' id='word_1_29' title='bbox 326 588 431 659; x_wconf 87' lang='lat' dir='ltr'><strong>sponte</strong></span> <span class='ocrx_word' id='word_1_30' title='bbox 453 579 561 638; x_wconf 85' lang='lat' dir='ltr'><strong>irarum</strong></span> <span class='ocrx_word' id='word_1_31' title='bbox 585 580 675 658; x_wconf 86' lang='lat' dir='ltr'><strong>pleni,</strong></span> <span class='ocrx_word' id='word_1_32' title='bbox 689 590 719 638; x_wconf 91' lang='lat' dir='ltr'><strong>et</strong></span> <span class='ocrx_word' id='word_1_33' title='bbox 739 577 865 644; x_wconf 86' lang='lat' dir='ltr'><strong>incitati,</strong></span> <span class='ocrx_word' id='word_1_34' title='bbox 886 578 988 635; x_wconf 83' lang='lat' dir='ltr'><strong>doinus</strong></span> <span class='ocrx_word' id='word_1_35' title='bbox 1007 573 1078 631; x_wconf 87' lang='lat' dir='ltr'><strong>inde</strong></span> <span class='ocrx_word' id='word_1_36' title='bbox 1099 570 1146 627; x_wconf 85' lang='lat' dir='ltr'><strong>dr·</strong></span> 
     </span>
     <span class='ocr_line' id='line_1_5' title="bbox 157 653 1147 740; baseline -0.004 -22"><span class='ocrx_word' id='word_1_37' title='bbox 157 661 239 740; x_wconf 84' lang='lat' dir='ltr'>gressi</span> <span class='ocrx_word' id='word_1_38' title='bbox 253 665 341 728; x_wconf 85' lang='lat' dir='ltr'><strong>sunt;</strong></span> <span class='ocrx_word' id='word_1_39' title='bbox 375 657 604 739; x_wconf 72' lang='lat' dir='ltr'><strong>instigandoque</strong></span> <span class='ocrx_word' id='word_1_40' title='bbox 635 679 704 718; x_wconf 86' lang='lat' dir='ltr'><strong>suos</strong></span> <span class='ocrx_word' id='word_1_41' title='bbox 725 659 852 737; x_wconf 88' lang='lat' dir='ltr'><strong>quisque</strong></span> <span class='ocrx_word' id='word_1_42' title='bbox 867 657 990 736; x_wconf 87' lang='lat' dir='ltr'><strong>populos</strong></span> <span class='ocrx_word' id='word_1_43' title='bbox 1012 653 1147 714; x_wconf 72' lang='lat' dir='ltr'><strong>ellecere,</strong></span> 
     </span>
     <span class='ocr_line' id='line_1_6' title="bbox 155 739 1103 799; baseline -0.002 0"><span class='ocrx_word' id='word_1_44' title='bbox 155 748 184 799; x_wconf 88' lang='lat' dir='ltr'><strong>ut</strong></span> <span class='ocrx_word' id='word_1_45' title='bbox 195 761 278 799; x_wconf 91' lang='lat' dir='ltr'><strong>omne</strong></span> <span class='ocrx_word' id='word_1_46' title='bbox 292 740 436 798; x_wconf 87' lang='lat' dir='ltr'><strong>Volscum</strong></span> <span class='ocrx_word' id='word_1_47' title='bbox 451 758 557 798; x_wconf 91' lang='lat' dir='ltr'><strong>nomen</strong></span> <span class='ocrx_word' id='word_1_48' title='bbox 571 739 723 798; x_wconf 83' lang='lat' dir='ltr'><strong>deiiceret.</strong></span> <span class='ocrx_word' id='word_1_49' title='bbox 1099 761 1103 766; x_wconf 81' lang='grc'>’</span> 
     </span>
     <span class='ocr_line' id='line_1_7' title="bbox 190 811 1143 900; baseline -0.012 -21"><span class='ocrx_word' id='word_1_50' title='bbox 190 821 326 879; x_wconf 84' lang='lat' dir='ltr'><strong>XXXIX.</strong></span> <span class='ocrx_word' id='word_1_51' title='bbox 347 820 479 900; x_wconf 87' lang='lat' dir='ltr'><strong>Imperat</strong></span> <span class='ocrx_word' id='word_1_52' title='bbox 489 839 545 878; x_wconf 69' lang='lat' dir='ltr'><strong>ires</strong></span> <span class='ocrx_word' id='word_1_53' title='bbox 559 820 596 878; x_wconf 90' lang='lat' dir='ltr'><strong>ad</strong></span> <span class='ocrx_word' id='word_1_54' title='bbox 624 819 655 877; x_wconf 89' lang='lat' dir='ltr'><strong>id</strong></span> <span class='ocrx_word' id='word_1_55' title='bbox 676 819 786 880; x_wconf 80' lang='lat' dir='ltr'><strong>bellum</strong></span> <span class='ocrx_word' id='word_1_56' title='bbox 808 819 846 877; x_wconf 91' lang='lat' dir='ltr'><strong>de</strong></span> <span class='ocrx_word' id='word_1_57' title='bbox 867 815 996 874; x_wconf 67' lang='lat' dir='ltr'><strong>(amnium</strong></span> <span class='ocrx_word' id='word_1_58' title='bbox 1020 811 1143 892; x_wconf 76' lang='lat' dir='ltr'><strong>populo-</strong></span> 
     </span>
     <span class='ocr_line' id='line_1_8' title="bbox 154 893 1145 960; baseline -0.011 -2"><span class='ocrx_word' id='word_1_59' title='bbox 154 919 211 958; x_wconf 84' lang='lat' dir='ltr'><strong>rum</strong></span> <span class='ocrx_word' id='word_1_60' title='bbox 225 899 371 960; x_wconf 88' lang='lat' dir='ltr'><strong>sententia</strong></span> <span class='ocrx_word' id='word_1_61' title='bbox 384 899 455 960; x_wconf 87' lang='lat' dir='ltr'><strong>lecti</strong></span> <span class='ocrx_word' id='word_1_62' title='bbox 471 898 574 957; x_wconf 86' lang='lat' dir='ltr'><strong>Attius</strong></span> <span class='ocrx_word' id='word_1_63' title='bbox 598 899 708 957; x_wconf 84' lang='lat' dir='ltr'>Tullus</span> <span class='ocrx_word' id='word_1_64' title='bbox 729 911 759 958; x_wconf 92' lang='lat' dir='ltr'><strong>et</strong></span> <span class='ocrx_word' id='word_1_65' title='bbox 780 899 816 956; x_wconf 90' lang='lat' dir='ltr'><strong>C.</strong></span> <span class='ocrx_word' id='word_1_66' title='bbox 837 897 971 956; x_wconf 80' lang='lat' dir='ltr'><strong>Marcius</strong></span> <span class='ocrx_word' id='word_1_67' title='bbox 986 893 1069 952; x_wconf 83' lang='lat' dir='ltr'><strong>exsul</strong></span> <span class='ocrx_word' id='word_1_68' title='bbox 1085 893 1145 948; x_wconf 90' lang='lat' dir='ltr'><strong>Ro-</strong></span> 
     </span>
     <span class='ocr_line' id='line_1_9' title="bbox 155 977 1145 1058; baseline -0.005 -21"><span class='ocrx_word' id='word_1_69' title='bbox 155 1000 258 1048; x_wconf 87' lang='lat' dir='ltr'><strong>manus,</strong></span> <span class='ocrx_word' id='word_1_70' title='bbox 280 981 311 1038; x_wconf 92' lang='lat' dir='ltr'><strong>in</strong></span> <span class='ocrx_word' id='word_1_71' title='bbox 331 1000 391 1058; x_wconf 91' lang='lat' dir='ltr'><strong>quo</strong></span> <span class='ocrx_word' id='word_1_72' title='bbox 405 980 558 1057; x_wconf 89' lang='lat' dir='ltr'><strong>aliquanto</strong></span> <span class='ocrx_word' id='word_1_73' title='bbox 573 979 639 1058; x_wconf 86' lang='lat' dir='ltr'><strong>plus</strong></span> <span class='ocrx_word' id='word_1_74' title='bbox 653 979 716 1058; x_wconf 83' lang='lat' dir='ltr'><strong>spei</strong></span> <span class='ocrx_word' id='word_1_75' title='bbox 737 978 908 1057; x_wconf 88' lang='lat' dir='ltr'><strong>repositum.</strong></span> <span class='ocrx_word' id='word_1_76' title='bbox 949 977 1044 1047; x_wconf 84' lang='lat' dir='ltr'><strong>Quam</strong></span> <span class='ocrx_word' id='word_1_77' title='bbox 1061 990 1145 1049; x_wconf 82' lang='lat' dir='ltr'><strong>spem</strong></span> 
     </span>
     <span class='ocr_line' id='line_1_10' title="bbox 153 1049 1144 1139; baseline -0.009 -23"><span class='ocrx_word' id='word_1_78' title='bbox 153 1077 331 1139; x_wconf 81' lang='lat' dir='ltr'><strong>nequaquam</strong></span> <span class='ocrx_word' id='word_1_79' title='bbox 353 1058 480 1118; x_wconf 85' lang='lat' dir='ltr'><strong>fefellit:</strong></span> <span class='ocrx_word' id='word_1_80' title='bbox 521 1070 556 1116; x_wconf 85' lang='lat' dir='ltr'><strong>ut</strong></span> <span class='ocrx_word' id='word_1_81' title='bbox 576 1059 661 1118; x_wconf 65' lang='lat' dir='ltr'><strong>facil?</strong></span> <span class='ocrx_word' id='word_1_82' title='bbox 686 1067 851 1138; x_wconf 79' lang='lat' dir='ltr'><strong>appareret,</strong></span> <span class='ocrx_word' id='word_1_83' title='bbox 872 1055 997 1114; x_wconf 84' lang='lat' dir='ltr'><strong>ducibus</strong></span> <span class='ocrx_word' id='word_1_84' title='bbox 1020 1049 1144 1109; x_wconf 81' lang='lat' dir='ltr'><strong>validio-</strong></span> 
     </span>
     <span class='ocr_line' id='line_1_11' title="bbox 152 1129 1145 1231; baseline -0.011 -33"><span class='ocrx_word' id='word_1_85' title='bbox 152 1158 216 1209; x_wconf 86' lang='lat' dir='ltr'><strong>rem,</strong></span> <span class='ocrx_word' id='word_1_86' title='bbox 235 1142 325 1231; x_wconf 69' lang='lat' dir='ltr'><strong>qu⁸m</strong></span> <span class='ocrx_word' id='word_1_87' title='bbox 339 1140 482 1209; x_wconf 81' lang='lat' dir='ltr'><strong>exercitu,</strong></span> <span class='ocrx_word' id='word_1_88' title='bbox 497 1160 557 1199; x_wconf 86' lang='lat' dir='ltr'><strong>rem</strong></span> <span class='ocrx_word' id='word_1_89' title='bbox 580 1141 741 1204; x_wconf 83' lang='lat' dir='ltr'><strong>Romanam</strong></span> <span class='ocrx_word' id='word_1_90' title='bbox 758 1158 832 1196; x_wconf 91' lang='lat' dir='ltr'><strong>esse.</strong></span> <span class='ocrx_word' id='word_1_91' title='bbox 873 1136 1008 1212; x_wconf 61' lang='lat' dir='ltr'><strong>Cir-cejos</strong></span> <span class='ocrx_word' id='word_1_92' title='bbox 1029 1129 1145 1209; x_wconf 82' lang='lat' dir='ltr'><strong>prolec-</strong></span> 
     </span>
     <span class='ocr_line' id='line_1_12' title="bbox 151 1215 1145 1308; baseline -0.009 -31"><span class='ocrx_word' id='word_1_93' title='bbox 151 1225 202 1286; x_wconf 87' lang='lat' dir='ltr'><strong>tus,</strong></span> <span class='ocrx_word' id='word_1_94' title='bbox 216 1221 343 1299; x_wconf 63' lang='lat' dir='ltr'><strong>pnmilm</strong></span> <span class='ocrx_word' id='word_1_95' title='bbox 359 1219 479 1278; x_wconf 77' lang='lat' dir='ltr'><strong>colimus</strong></span> <span class='ocrx_word' id='word_1_96' title='bbox 493 1218 564 1277; x_wconf 88' lang='lat' dir='ltr'><strong>inde</strong></span> <span class='ocrx_word' id='word_1_97' title='bbox 577 1219 729 1277; x_wconf 77' lang='lat' dir='ltr'><strong>Romanos</strong></span> <span class='ocrx_word' id='word_1_98' title='bbox 742 1216 866 1308; x_wconf 78' lang='lat' dir='ltr'><strong>expulit,</strong></span> <span class='ocrx_word' id='word_1_99' title='bbox 880 1215 1062 1289; x_wconf 86' lang='lat' dir='ltr'><strong>liberamque</strong></span> <span class='ocrx_word' id='word_1_100' title='bbox 1078 1231 1145 1301; x_wconf 74' lang='lat' dir='ltr'><strong>earn</strong></span> 
     </span>
     <span class='ocr_line' id='line_1_13' title="bbox 151 1295 1144 1365; baseline -0.01 -7"><span class='ocrx_word' id='word_1_101' title='bbox 151 1301 245 1358; x_wconf 85' lang='lat' dir='ltr'><strong>urbem</strong></span> <span class='ocrx_word' id='word_1_102' title='bbox 266 1299 383 1358; x_wconf 85' lang='lat' dir='ltr'><strong>Volscis</strong></span> <span class='ocrx_word' id='word_1_103' title='bbox 397 1297 530 1358; x_wconf 80' lang='lat' dir='ltr'><strong>tradidit.</strong></span> <span class='ocrx_word' id='word_1_104' title='bbox 571 1298 656 1365; x_wconf 91' lang='lat' dir='ltr'><strong>lnde,</strong></span> <span class='ocrx_word' id='word_1_105' title='bbox 671 1297 700 1356; x_wconf 88' lang='lat' dir='ltr'><strong>in</strong></span> <span class='ocrx_word' id='word_1_106' title='bbox 718 1298 855 1357; x_wconf 86' lang='lat' dir='ltr'><strong>Latinam</strong></span> <span class='ocrx_word' id='word_1_107' title='bbox 871 1295 949 1354; x_wconf 86' lang='lat' dir='ltr'><strong>viam</strong></span> <span class='ocrx_word' id='word_1_108' title='bbox 964 1301 1144 1352; x_wconf 84' lang='lat' dir='ltr'><strong>transversis</strong></span> 
     </span>
     <span class='ocr_line' id='line_1_14' title="bbox 149 1373 1216 1456; baseline -0.007 -19"><span class='ocrx_word' id='word_1_109' title='bbox 149 1379 310 1438; x_wconf 70' lang='lat' dir='ltr'><strong>tramitibus</strong></span> <span class='ocrx_word' id='word_1_110' title='bbox 343 1385 552 1456; x_wconf 83' lang='lat' dir='ltr'><strong>transgressus,</strong></span> <span class='ocrx_word' id='word_1_111' title='bbox 580 1376 738 1445; x_wconf 85' lang='lat' dir='ltr'><strong>Satricum,</strong></span> <span class='ocrx_word' id='word_1_112' title='bbox 771 1377 947 1455; x_wconf 77' lang='lat' dir='ltr'><strong>Longulam,</strong></span> <span class='ocrx_word' id='word_1_113' title='bbox 972 1373 1143 1439; x_wconf 77' lang='lat' dir='ltr'><strong>Poluscam,</strong></span> <span class='ocrx_word' id='word_1_114' title='bbox 1215 1439 1216 1454; x_wconf 12' lang='grc' dir='ltr'>χ</span> 
     </span>
     <span class='ocr_line' id='line_1_15' title="bbox 149 1453 1142 1537; baseline -0.004 -21"><span class='ocrx_word' id='word_1_115' title='bbox 149 1456 289 1524; x_wconf 68' lang='lat' dir='ltr'><strong>Coriol‘s,</strong></span> <span class='ocrx_word' id='word_1_116' title='bbox 308 1457 425 1516; x_wconf 88' lang='lat' dir='ltr'><strong>novella</strong></span> <span class='ocrx_word' id='word_1_117' title='bbox 444 1458 510 1517; x_wconf 76' lang='lat' dir='ltr'><strong>haec</strong></span> <span class='ocrx_word' id='word_1_118' title='bbox 530 1457 674 1516; x_wconf 87' lang='lat' dir='ltr'><strong>Romanis</strong></span> <span class='ocrx_word' id='word_1_119' title='bbox 695 1457 803 1537; x_wconf 86' lang='lat' dir='ltr'><strong>oppida</strong></span> <span class='ocrx_word' id='word_1_120' title='bbox 824 1456 943 1515; x_wconf 81' lang='lat' dir='ltr'><strong>ademit.</strong></span> <span class='ocrx_word' id='word_1_121' title='bbox 987 1453 1060 1510; x_wconf 92' lang='lat' dir='ltr'><strong>lnde</strong></span> <span class='ocrx_word' id='word_1_122' title='bbox 1083 1454 1142 1512; x_wconf 85' lang='lat' dir='ltr'><strong>La-</strong></span> 
     </span>
     <span class='ocr_line' id='line_1_16' title="bbox 148 1533 1143 1616; baseline -0.004 -21"><span class='ocrx_word' id='word_1_123' title='bbox 148 1536 256 1596; x_wconf 86' lang='lat' dir='ltr'><strong>vinium</strong></span> <span class='ocrx_word' id='word_1_124' title='bbox 272 1536 402 1616; x_wconf 84' lang='lat' dir='ltr'><strong>recepit:</strong></span> <span class='ocrx_word' id='word_1_125' title='bbox 422 1545 494 1597; x_wconf 88' lang='lat' dir='ltr'><strong>tunc</strong></span> <span class='ocrx_word' id='word_1_126' title='bbox 516 1538 659 1616; x_wconf 86' lang='lat' dir='ltr'><strong>deinceps</strong></span> <span class='ocrx_word' id='word_1_127' title='bbox 674 1537 861 1611; x_wconf 80' lang='lat' dir='ltr'><strong>Corbionem,</strong></span> <span class='ocrx_word' id='word_1_128' title='bbox 884 1534 1045 1600; x_wconf 85' lang='lat' dir='ltr'><strong>Vitelliam,</strong></span> <span class='ocrx_word' id='word_1_129' title='bbox 1066 1533 1143 1591; x_wconf 84' lang='lat' dir='ltr'><strong>Tre-</strong></span> 
     </span>
     <span class='ocr_line' id='line_1_17' title="bbox 146 1613 1142 1696; baseline -0.004 -21"><span class='ocrx_word' id='word_1_130' title='bbox 146 1613 229 1684; x_wconf 86' lang='lat' dir='ltr'><strong>biam,</strong></span> <span class='ocrx_word' id='word_1_131' title='bbox 245 1616 381 1684; x_wconf 79' lang='lat' dir='ltr'><strong>LaricoS,</strong></span> <span class='ocrx_word' id='word_1_132' title='bbox 398 1617 510 1676; x_wconf 90' lang='lat' dir='ltr'><strong>Pedum</strong></span> <span class='ocrx_word' id='word_1_133' title='bbox 526 1617 613 1696; x_wconf 90' lang='lat' dir='ltr'><strong>cepit.</strong></span> <span class='ocrx_word' id='word_1_134' title='bbox 654 1617 789 1689; x_wconf 82' lang='lat' dir='ltr'><strong>Postrem</strong></span> <span class='ocrx_word' id='word_1_135' title='bbox 801 1620 842 1674; x_wconf 60' lang='lat' dir='ltr'><strong>Tm</strong></span> <span class='ocrx_word' id='word_1_136' title='bbox 859 1616 896 1674; x_wconf 85' lang='lat' dir='ltr'><strong>ad</strong></span> <span class='ocrx_word' id='word_1_137' title='bbox 911 1617 1011 1672; x_wconf 84' lang='lat' dir='ltr'><strong>urbem</strong></span> <span class='ocrx_word' id='word_1_138' title='bbox 1034 1615 1042 1632; x_wconf 64' lang='lat'><em>¹</em></span> <span class='ocrx_word' id='word_1_139' title='bbox 1061 1613 1142 1671; x_wconf 90' lang='lat' dir='ltr'><strong>Pedo</strong></span> 
     </span>
     <span class='ocr_line' id='line_1_18' title="bbox 102 1691 1216 1773; baseline -0.002 -19"><span class='ocrx_word' id='word_1_140' title='bbox 102 1722 103 1728; x_wconf 47' lang='lat'>¹</span> <span class='ocrx_word' id='word_1_141' title='bbox 147 1695 223 1754; x_wconf 92' lang='lat' dir='ltr'><strong>ducit</strong></span> <span class='ocrx_word' id='word_1_142' title='bbox 236 1717 245 1765; x_wconf 81' lang='lat'>3</span> <span class='ocrx_word' id='word_1_143' title='bbox 266 1703 305 1763; x_wconf 87' lang='lat' dir='ltr'><strong>et,</strong></span> <span class='ocrx_word' id='word_1_144' title='bbox 316 1697 353 1755; x_wconf 86' lang='lat' dir='ltr'><strong>ad</strong></span> <span class='ocrx_word' id='word_1_145' title='bbox 369 1697 464 1755; x_wconf 82' lang='lat' dir='ltr'><strong>iussas</strong></span> <span class='ocrx_word' id='word_1_146' title='bbox 478 1696 603 1754; x_wconf 84' lang='lat' dir='ltr'><strong>Cluilias</strong></span> <span class='ocrx_word' id='word_1_147' title='bbox 617 1691 749 1773; x_wconf 91' lang='lat' dir='ltr'><strong>quinque</strong></span> <span class='ocrx_word' id='word_1_148' title='bbox 764 1698 880 1754; x_wconf 88' lang='lat' dir='ltr'><strong>aburbe</strong></span> <span class='ocrx_word' id='word_1_149' title='bbox 895 1695 986 1753; x_wconf 80' lang='lat' dir='ltr'><strong>uiillia</strong></span> <span class='ocrx_word' id='word_1_150' title='bbox 1000 1713 1142 1772; x_wconf 83' lang='lat' dir='ltr'><strong>passuum</strong></span> <span class='ocrx_word' id='word_1_151' title='bbox 1215 1757 1216 1766; x_wconf 10' lang='grc' dir='ltr'>χ</span> 
     </span>
     <span class='ocr_line' id='line_1_19' title="bbox 147 1773 1142 1856; baseline -0.001 -24"><span class='ocrx_word' id='word_1_152' title='bbox 147 1777 247 1835; x_wconf 88' lang='lat' dir='ltr'><strong>castris</strong></span> <span class='ocrx_word' id='word_1_153' title='bbox 262 1775 376 1854; x_wconf 87' lang='lat' dir='ltr'><strong>positis,</strong></span> <span class='ocrx_word' id='word_1_154' title='bbox 390 1776 547 1855; x_wconf 87' lang='lat' dir='ltr'><strong>populatur</strong></span> <span class='ocrx_word' id='word_1_155' title='bbox 560 1774 630 1834; x_wconf 88' lang='lat' dir='ltr'><strong>inde</strong></span> <span class='ocrx_word' id='word_1_156' title='bbox 644 1795 747 1856; x_wconf 80' lang='lat' dir='ltr'><strong>agrum</strong></span> <span class='ocrx_word' id='word_1_157' title='bbox 761 1776 926 1832; x_wconf 86' lang='lat' dir='ltr'><strong>Romanum</strong></span> <span class='ocrx_word' id='word_1_158' title='bbox 940 1795 947 1842; x_wconf 77' lang='lat'><em>3</em></span> <span class='ocrx_word' id='word_1_159' title='bbox 970 1773 1142 1832; x_wconf 79' lang='lat' dir='ltr'><strong>custodibus</strong></span> 
     </span>
     <span class='ocr_line' id='line_1_20' title="bbox 147 1850 1212 1935; baseline 0 -23"><span class='ocrx_word' id='word_1_160' title='bbox 147 1853 218 1914; x_wconf 88' lang='lat' dir='ltr'><strong>inter</strong></span> <span class='ocrx_word' id='word_1_161' title='bbox 232 1856 420 1935; x_wconf 86' lang='lat' dir='ltr'><strong>populatores</strong></span> <span class='ocrx_word' id='word_1_162' title='bbox 435 1850 541 1921; x_wconf 89' lang='lat' dir='ltr'><strong>missis,</strong></span> <span class='ocrx_word' id='word_1_163' title='bbox 552 1855 603 1933; x_wconf 91' lang='lat' dir='ltr'><strong>qui</strong></span> <span class='ocrx_word' id='word_1_164' title='bbox 618 1856 807 1935; x_wconf 86' lang='lat' dir='ltr'><strong>patriciorum</strong></span> <span class='ocrx_word' id='word_1_165' title='bbox 823 1875 908 1927; x_wconf 64' lang='lat' dir='ltr'><strong>apriis</strong></span> <span class='ocrx_word' id='word_1_166' title='bbox 929 1853 1057 1912; x_wconf 86' lang='lat' dir='ltr'><strong>intactos</strong></span> <span class='ocrx_word' id='word_1_167' title='bbox 1079 1874 1142 1912; x_wconf 89' lang='lat' dir='ltr'><strong>ser·</strong></span> <span class='ocrx_word' id='word_1_168' title='bbox 1207 1910 1212 1931; x_wconf 61' lang='lat'><strong>,</strong></span> 
     </span>
     <span class='ocr_line' id='line_1_21' title="bbox 145 1931 1142 2016; baseline 0.001 -25"><span class='ocrx_word' id='word_1_169' title='bbox 145 1944 263 1994; x_wconf 70' lang='lat' dir='ltr'><strong>rar-ente</strong></span> <span class='ocrx_word' id='word_1_170' title='bbox 283 1936 346 1994; x_wconf 88' lang='lat' dir='ltr'><strong>sive</strong></span> <span class='ocrx_word' id='word_1_171' title='bbox 360 1934 495 1996; x_wconf 73' lang='lat' dir='ltr'><strong>infensus</strong></span> <span class='ocrx_word' id='word_1_172' title='bbox 509 1935 585 2015; x_wconf 81' lang='lat' dir='ltr'><strong>plebi</strong></span> <span class='ocrx_word' id='word_1_173' title='bbox 601 1936 703 2016; x_wconf 77' lang='lat' dir='ltr'><strong>magis,</strong></span> <span class='ocrx_word' id='word_1_174' title='bbox 717 1936 780 1994; x_wconf 83' lang='lat' dir='ltr'><strong>sive</strong></span> <span class='ocrx_word' id='word_1_175' title='bbox 801 1945 833 1993; x_wconf 91' lang='lat' dir='ltr'><strong>ut</strong></span> <span class='ocrx_word' id='word_1_176' title='bbox 848 1931 996 1994; x_wconf 83' lang='lat' dir='ltr'><strong>discordia</strong></span> <span class='ocrx_word' id='word_1_177' title='bbox 1011 1933 1080 1992; x_wconf 83' lang='lat' dir='ltr'><strong>inde</strong></span> <span class='ocrx_word' id='word_1_178' title='bbox 1095 1933 1142 1992; x_wconf 91' lang='lat' dir='ltr'><strong>in·</strong></span> 
     </span>
     <span class='ocr_line' id='line_1_22' title="bbox 146 2014 1141 2099; baseline 0 -28"><span class='ocrx_word' id='word_1_179' title='bbox 146 2018 185 2072; x_wconf 87' lang='lat' dir='ltr'><strong>ter</strong></span> <span class='ocrx_word' id='word_1_180' title='bbox 207 2016 311 2074; x_wconf 84' lang='lat' dir='ltr'><strong>Patres</strong></span> <span class='ocrx_word' id='word_1_181' title='bbox 334 2016 509 2099; x_wconf 80' lang='lat' dir='ltr'><strong>plebemque</strong></span> <span class='ocrx_word' id='word_1_182' title='bbox 530 2017 666 2076; x_wconf 74' lang='lat' dir='ltr'><strong>iniretur.</strong></span> <span class='ocrx_word' id='word_1_183' title='bbox 707 2018 752 2089; x_wconf 84' lang='lat' dir='ltr'><strong>Qu</strong></span> <span class='ocrx_word' id='word_1_184' title='bbox 766 2017 794 2074; x_wconf 56' lang='lat' dir='ltr'><strong>e*</strong></span> <span class='ocrx_word' id='word_1_185' title='bbox 813 2014 945 2095; x_wconf 70' lang='lat' dir='ltr'><strong>prdt&#39;octl</strong></span> <span class='ocrx_word' id='word_1_186' title='bbox 966 2023 1030 2072; x_wconf 88' lang='lat' dir='ltr'><strong>orta</strong></span> <span class='ocrx_word' id='word_1_187' title='bbox 1052 2019 1141 2081; x_wconf 85' lang='lat' dir='ltr'><strong>esset,</strong></span> 
     </span>
     <span class='ocr_line' id='line_1_23' title="bbox 146 2092 1140 2173; baseline 0.002 -23"><span class='ocrx_word' id='word_1_188' title='bbox 146 2093 210 2152; x_wconf 63' lang='lat' dir='ltr'><strong>adex</strong></span> <span class='ocrx_word' id='word_1_189' title='bbox 230 2095 341 2155; x_wconf 86' lang='lat' dir='ltr'><strong>tribum</strong></span> <span class='ocrx_word' id='word_1_190' title='bbox 359 2097 422 2171; x_wconf 89' lang='lat' dir='ltr'><strong>jam</strong></span> <span class='ocrx_word' id='word_1_191' title='bbox 436 2096 563 2152; x_wconf 83' lang='lat' dir='ltr'><strong>ferocem</strong></span> <span class='ocrx_word' id='word_1_192' title='bbox 585 2116 638 2173; x_wconf 90' lang='lat' dir='ltr'><strong>per</strong></span> <span class='ocrx_word' id='word_1_193' title='bbox 652 2116 684 2154; x_wconf 88' lang='lat' dir='ltr'><strong>se</strong></span> <span class='ocrx_word' id='word_1_194' title='bbox 699 2097 813 2173; x_wconf 87' lang='lat' dir='ltr'><strong>plebem</strong></span> <span class='ocrx_word' id='word_1_195' title='bbox 836 2092 1019 2154; x_wconf 82' lang='lat' dir='ltr'><strong>crimiu‘arnlo</strong></span> <span class='ocrx_word' id='word_1_196' title='bbox 1034 2093 1062 2152; x_wconf 89' lang='lat' dir='ltr'><strong>in</strong></span> <span class='ocrx_word' id='word_1_197' title='bbox 1080 2094 1140 2172; x_wconf 88' lang='lat' dir='ltr'><strong>pri·</strong></span> 
     </span>
     <span class='ocr_line' id='line_1_24' title="bbox 145 2171 1140 2252; baseline 0.004 -22"><span class='ocrx_word' id='word_1_198' title='bbox 145 2191 236 2233; x_wconf 87' lang='lat' dir='ltr'><strong>mores</strong></span> <span class='ocrx_word' id='word_1_199' title='bbox 251 2171 381 2231; x_wconf 84' lang='lat' dir='ltr'><strong>civitatis</strong></span> <span class='ocrx_word' id='word_1_200' title='bbox 402 2172 678 2252; x_wconf 55' lang='lat' dir='ltr'><strong>instigabantased</strong></span> <span class='ocrx_word' id='word_1_201' title='bbox 700 2183 839 2232; x_wconf 83' lang='lat' dir='ltr'><strong>externus</strong></span> <span class='ocrx_word' id='word_1_202' title='bbox 861 2175 957 2240; x_wconf 81' lang='lat' dir='ltr'><strong>tirum,</strong></span> <span class='ocrx_word' id='word_1_203' title='bbox 979 2173 1140 2234; x_wconf 76' lang='lat' dir='ltr'><strong>niaximum</strong></span> 
     </span>
     <span class='ocr_line' id='line_1_25' title="bbox 145 2251 1141 2332; baseline 0.004 -23"><span class='ocrx_word' id='word_1_204' title='bbox 145 2252 308 2311; x_wconf 71' lang='lat' dir='ltr'><strong>concordi-e</strong></span> <span class='ocrx_word' id='word_1_205' title='bbox 335 2251 496 2320; x_wconf 87' lang='lat' dir='ltr'><strong>vinculum,</strong></span> <span class='ocrx_word' id='word_1_206' title='bbox 517 2252 652 2330; x_wconf 76' lang='lat' dir='ltr'><strong>qualisvis</strong></span> <span class='ocrx_word' id='word_1_207' title='bbox 674 2262 828 2332; x_wconf 85' lang='lat' dir='ltr'><strong>suspectos</strong></span> <span class='ocrx_word' id='word_1_208' title='bbox 851 2253 1039 2329; x_wconf 84' lang='lat' dir='ltr'><strong>infensosque</strong></span> <span class='ocrx_word' id='word_1_209' title='bbox 1062 2254 1141 2313; x_wconf 85' lang='lat' dir='ltr'><strong>inter</strong></span> 
     </span>
     <span class='ocr_line' id='line_1_26' title="bbox 145 2331 1139 2412; baseline 0.002 -22"><span class='ocrx_word' id='word_1_210' title='bbox 145 2349 172 2390; x_wconf 81' lang='lat' dir='ltr'><strong>se</strong></span> <span class='ocrx_word' id='word_1_211' title='bbox 186 2333 332 2412; x_wconf 78' lang='lat' dir='ltr'><strong>jungebat</strong></span> <span class='ocrx_word' id='word_1_212' title='bbox 347 2331 469 2391; x_wconf 86' lang='lat' dir='ltr'><strong>animos.</strong></span> <span class='ocrx_word' id='word_1_213' title='bbox 513 2333 545 2389; x_wconf 93' lang='lat' dir='ltr'><strong>ld</strong></span> <span class='ocrx_word' id='word_1_214' title='bbox 569 2333 654 2391; x_wconf 58' lang='lat' dir='ltr'><strong>modl</strong></span> <span class='ocrx_word' id='word_1_215' title='bbox 678 2353 735 2390; x_wconf 72' lang='grc' dir='ltr'><strong>ποι]</strong></span> <span class='ocrx_word' id='word_1_216' title='bbox 758 2333 968 2402; x_wconf 76' lang='lat' dir='ltr'><strong>etinveniebat3</strong></span> <span class='ocrx_word' id='word_1_217' title='bbox 990 2333 1069 2408; x_wconf 63' lang='lat' dir='ltr'><strong>qu‘d</strong></span> <span class='ocrx_word' id='word_1_218' title='bbox 1093 2353 1139 2392; x_wconf 86' lang='lat' dir='ltr'><strong>se·</strong></span> 
     </span>
     <span class='ocr_line' id='line_1_27' title="bbox 144 2409 1141 2491; baseline 0.004 -24"><span class='ocrx_word' id='word_1_219' title='bbox 144 2421 225 2470; x_wconf 86' lang='lat' dir='ltr'><strong>natus</strong></span> <span class='ocrx_word' id='word_1_220' title='bbox 247 2413 445 2489; x_wconf 85' lang='lat' dir='ltr'><strong>consulesque</strong></span> <span class='ocrx_word' id='word_1_221' title='bbox 467 2427 613 2490; x_wconf 84' lang='lat' dir='ltr'><strong>nusquam</strong></span> <span class='ocrx_word' id='word_1_222' title='bbox 635 2413 705 2472; x_wconf 90' lang='lat' dir='ltr'><strong>alibi</strong></span> <span class='ocrx_word' id='word_1_223' title='bbox 720 2409 812 2491; x_wconf 86' lang='lat' dir='ltr'><strong>spem,</strong></span> <span class='ocrx_word' id='word_1_224' title='bbox 826 2431 864 2489; x_wconf 92' lang='lat' dir='ltr'><strong>qu</strong></span> <span class='ocrx_word' id='word_1_225' title='bbox 875 2414 914 2470; x_wconf 64' lang='lat' dir='ltr'><strong>‘m</strong></span> <span class='ocrx_word' id='word_1_226' title='bbox 930 2412 961 2471; x_wconf 89' lang='lat' dir='ltr'><strong>in</strong></span> <span class='ocrx_word' id='word_1_227' title='bbox 975 2411 1072 2478; x_wconf 74' lang='lat' dir='ltr'><strong>arinis,</strong></span> <span class='ocrx_word' id='word_1_228' title='bbox 1089 2433 1141 2490; x_wconf 88' lang='lat' dir='ltr'><strong>po·</strong></span> 
     </span>
     <span class='ocr_line' id='line_1_28' title="bbox 144 2493 1140 2572; baseline 0.004 -24"><span class='ocrx_word' id='word_1_229' title='bbox 144 2493 268 2552; x_wconf 85' lang='lat' dir='ltr'><strong>nebant:</strong></span> <span class='ocrx_word' id='word_1_230' title='bbox 299 2493 401 2572; x_wconf 87' lang='lat' dir='ltr'><strong>plebes</strong></span> <span class='ocrx_word' id='word_1_231' title='bbox 422 2493 530 2560; x_wconf 90' lang='lat' dir='ltr'><strong>omnia,</strong></span> <span class='ocrx_word' id='word_1_232' title='bbox 551 2513 639 2570; x_wconf 91' lang='lat' dir='ltr'><strong>quam</strong></span> <span class='ocrx_word' id='word_1_233' title='bbox 661 2493 782 2560; x_wconf 89' lang='lat' dir='ltr'><strong>bellum,</strong></span> <span class='ocrx_word' id='word_1_234' title='bbox 804 2493 941 2550; x_wconf 83' lang='lat' dir='ltr'><strong>nrulebat.</strong></span> <span class='ocrx_word' id='word_1_235' title='bbox 983 2495 1033 2570; x_wconf 77' lang='lat' dir='ltr'><strong>Sp.</strong></span> <span class='ocrx_word' id='word_1_236' title='bbox 1056 2494 1140 2552; x_wconf 70' lang='lat' dir='ltr'><strong>Nat·</strong></span> 
     </span>
     <span class='ocr_line' id='line_1_29' title="bbox 146 2569 1138 2650; baseline 0.005 -23"><span class='ocrx_word' id='word_1_237' title='bbox 146 2570 198 2629; x_wconf 87' lang='lat' dir='ltr'><strong>tius</strong></span> <span class='ocrx_word' id='word_1_238' title='bbox 208 2573 270 2650; x_wconf 87' lang='lat' dir='ltr'><strong>jam</strong></span> <span class='ocrx_word' id='word_1_239' title='bbox 287 2581 317 2632; x_wconf 89' lang='lat' dir='ltr'><strong>et</strong></span> <span class='ocrx_word' id='word_1_240' title='bbox 332 2574 400 2630; x_wconf 83' lang='lat' dir='ltr'><strong>Sex.</strong></span> <span class='ocrx_word' id='word_1_241' title='bbox 422 2572 529 2630; x_wconf 83' lang='lat' dir='ltr'><strong>Furius</strong></span> <span class='ocrx_word' id='word_1_242' title='bbox 550 2574 687 2631; x_wconf 83' lang='lat' dir='ltr'><strong>consules</strong></span> <span class='ocrx_word' id='word_1_243' title='bbox 709 2582 803 2631; x_wconf 76' lang='lat' dir='ltr'><strong>erasit.</strong></span> <span class='ocrx_word' id='word_1_244' title='bbox 860 2574 926 2640; x_wconf 66' lang='lat' dir='ltr'><strong>llos,</strong></span> <span class='ocrx_word' id='word_1_245' title='bbox 939 2569 1138 2632; x_wconf 62' lang='lat' dir='ltr'><strong>&#39;resorbentes</strong></span> 
     </span>
     <span class='ocr_line' id='line_1_30' title="bbox 145 2647 1139 2731; baseline 0.008 -27"><span class='ocrx_word' id='word_1_246' title='bbox 145 2647 278 2728; x_wconf 65' lang='lat' dir='ltr'><strong>legiones,</strong></span> <span class='ocrx_word' id='word_1_247' title='bbox 312 2651 454 2731; x_wconf 71' lang='lat' dir='ltr'><strong>presidia</strong></span> <span class='ocrx_word' id='word_1_248' title='bbox 474 2673 527 2730; x_wconf 89' lang='lat' dir='ltr'><strong>per</strong></span> <span class='ocrx_word' id='word_1_249' title='bbox 548 2673 646 2710; x_wconf 86' lang='lat' dir='ltr'><strong>muros</strong></span> <span class='ocrx_word' id='word_1_250' title='bbox 668 2652 795 2730; x_wconf 85' lang='lat' dir='ltr'><strong>aliaque,</strong></span> <span class='ocrx_word' id='word_1_251' title='bbox 816 2651 846 2710; x_wconf 89' lang='lat' dir='ltr'><strong>in</strong></span> <span class='ocrx_word' id='word_1_252' title='bbox 868 2652 974 2730; x_wconf 83' lang='lat' dir='ltr'><strong>quibus</strong></span> <span class='ocrx_word' id='word_1_253' title='bbox 996 2655 1139 2713; x_wconf 76' lang='lat' dir='ltr'><strong>stationes</strong></span> 
     </span>
     <span class='ocr_line' id='line_1_31' title="bbox 145 2727 1139 2810; baseline 0.007 -24"><span class='ocrx_word' id='word_1_254' title='bbox 145 2727 313 2810; x_wconf 75' lang='lat' dir='ltr'><strong>uigiliasque</strong></span> <span class='ocrx_word' id='word_1_255' title='bbox 327 2752 392 2790; x_wconf 84' lang='lat' dir='ltr'><strong>esse</strong></span> <span class='ocrx_word' id='word_1_256' title='bbox 406 2733 567 2810; x_wconf 79' lang='lat' dir='ltr'><strong>placuerat,</strong></span> <span class='ocrx_word' id='word_1_257' title='bbox 589 2732 654 2791; x_wconf 87' lang='lat' dir='ltr'><strong>locs</strong></span> <span class='ocrx_word' id='word_1_258' title='bbox 669 2733 890 2806; x_wconf 81' lang='lat' dir='ltr'><strong>distribuentes,</strong></span> <span class='ocrx_word' id='word_1_259' title='bbox 914 2734 1070 2792; x_wconf 88' lang='lat' dir='ltr'><strong>multitudo</strong></span> <span class='ocrx_word' id='word_1_260' title='bbox 1093 2735 1139 2793; x_wconf 88' lang='lat' dir='ltr'><strong>in-</strong></span> 
     </span>
     <span class='ocr_line' id='line_1_32' title="bbox 145 2811 1139 2899; baseline 0.007 -33"><span class='ocrx_word' id='word_1_261' title='bbox 145 2825 208 2886; x_wconf 72' lang='lat' dir='ltr'><strong>gens</strong></span> <span class='ocrx_word' id='word_1_262' title='bbox 228 2832 333 2899; x_wconf 77' lang='lat' dir='ltr'><strong>papem</strong></span> <span class='ocrx_word' id='word_1_263' title='bbox 354 2811 537 2890; x_wconf 82' lang='lat' dir='ltr'><strong>poscentium</strong></span> <span class='ocrx_word' id='word_1_264' title='bbox 560 2812 688 2891; x_wconf 64' lang='lat' dir='ltr'><strong>primlm</strong></span> <span class='ocrx_word' id='word_1_265' title='bbox 710 2813 849 2871; x_wconf 84' lang='lat' dir='ltr'><strong>seditioso</strong></span> <span class='ocrx_word' id='word_1_266' title='bbox 871 2813 999 2873; x_wconf 82' lang='lat' dir='ltr'><strong>clamore</strong></span> <span class='ocrx_word' id='word_1_267' title='bbox 1021 2826 1139 2874; x_wconf 81' lang='lat' dir='ltr'><strong>couter-</strong></span> 
     </span>
     <span class='ocr_line' id='line_1_33' title="bbox 147 2889 1138 2968; baseline 0.01 -23"><span class='ocrx_word' id='word_1_268' title='bbox 147 2889 216 2959; x_wconf 80' lang='lat' dir='ltr'><strong>ruit3</strong></span> <span class='ocrx_word' id='word_1_269' title='bbox 237 2890 347 2949; x_wconf 88' lang='lat' dir='ltr'><strong>deinde</strong></span> <span class='ocrx_word' id='word_1_270' title='bbox 369 2911 474 2950; x_wconf 80' lang='lat' dir='ltr'><strong>rorare</strong></span> <span class='ocrx_word' id='word_1_271' title='bbox 487 2903 631 2960; x_wconf 86' lang='lat' dir='ltr'><strong>senatum,</strong></span> <span class='ocrx_word' id='word_1_272' title='bbox 651 2894 762 2952; x_wconf 79' lang='lat' dir='ltr'><strong>referre</strong></span> <span class='ocrx_word' id='word_1_273' title='bbox 780 2895 814 2951; x_wconf 89' lang='lat' dir='ltr'><strong>:le</strong></span> <span class='ocrx_word' id='word_1_274' title='bbox 830 2893 934 2968; x_wconf 69' lang='lat' dir='ltr'><strong>legatis</strong></span> <span class='ocrx_word' id='word_1_275' title='bbox 949 2895 984 2952; x_wconf 82' lang='lat' dir='ltr'><strong>ad</strong></span> <span class='ocrx_word' id='word_1_276' title='bbox 1003 2896 1038 2952; x_wconf 68' lang='grc' dir='ltr'><strong>Γ.</strong></span> <span class='ocrx_word' id='word_1_277' title='bbox 1055 2897 1138 2955; x_wconf 80' lang='lat' dir='ltr'><strong>blar-</strong></span> 
     </span>
     <span class='ocr_line' id='line_1_34' title="bbox 148 2967 1137 3051; baseline 0.011 -27"><span class='ocrx_word' id='word_1_278' title='bbox 148 2967 214 3028; x_wconf 88' lang='lat' dir='ltr'><strong>cium</strong></span> <span class='ocrx_word' id='word_1_279' title='bbox 236 2969 393 3028; x_wconf 84' lang='lat' dir='ltr'><strong>mittendis</strong></span> <span class='ocrx_word' id='word_1_280' title='bbox 425 2971 531 3048; x_wconf 57' lang='lat' dir='ltr'><strong>coegit.</strong></span> <span class='ocrx_word' id='word_1_281' title='bbox 593 2976 786 3051; x_wconf 82' lang='lat' dir='ltr'><strong>Acceperunt</strong></span> <span class='ocrx_word' id='word_1_282' title='bbox 817 2974 987 3032; x_wconf 81' lang='lat' dir='ltr'><strong>relutimiem</strong></span> <span class='ocrx_word' id='word_1_283' title='bbox 1012 2977 1137 3049; x_wconf 84' lang='lat' dir='ltr'><strong>l’atres3</strong></span> 
     </span>
     <span class='ocr_line' id='line_1_35' title="bbox 146 3050 1138 3134; baseline 0.011 -29"><span class='ocrx_word' id='word_1_284' title='bbox 146 3064 293 3128; x_wconf 79' lang='lat' dir='ltr'><strong>postquam</strong></span> <span class='ocrx_word' id='word_1_285' title='bbox 309 3050 455 3128; x_wconf 88' lang='lat' dir='ltr'><strong>apparuit,</strong></span> <span class='ocrx_word' id='word_1_286' title='bbox 470 3050 568 3109; x_wconf 84' lang='lat' dir='ltr'><strong>labare</strong></span> <span class='ocrx_word' id='word_1_287' title='bbox 582 3051 677 3129; x_wconf 87' lang='lat' dir='ltr'><strong>plebis</strong></span> <span class='ocrx_word' id='word_1_288' title='bbox 691 3057 822 3120; x_wconf 57' lang='lat' dir='ltr'><strong>animum</strong></span> <span class='ocrx_word' id='word_1_289' title='bbox 844 3054 983 3130; x_wconf 61' lang='lat' dir='ltr'><strong>missique</strong></span> <span class='ocrx_word' id='word_1_290' title='bbox 1005 3057 1041 3112; x_wconf 86' lang='lat' dir='ltr'><strong>de</strong></span> <span class='ocrx_word' id='word_1_291' title='bbox 1064 3077 1138 3134; x_wconf 82' lang='lat' dir='ltr'><strong>pace</strong></span> 
     </span>
     <span class='ocr_line' id='line_1_36' title="bbox 146 3127 1137 3209; baseline 0.013 -27"><span class='ocrx_word' id='word_1_292' title='bbox 146 3127 176 3183; x_wconf 86' lang='lat' dir='ltr'><strong>sd</strong></span> <span class='ocrx_word' id='word_1_293' title='bbox 203 3129 351 3190; x_wconf 85' lang='lat' dir='ltr'><strong>Marcium</strong></span> <span class='ocrx_word' id='word_1_294' title='bbox 373 3140 504 3188; x_wconf 85' lang='lat' dir='ltr'><strong>oratores</strong></span> <span class='ocrx_word' id='word_1_295' title='bbox 533 3138 616 3188; x_wconf 82' lang='lat' dir='ltr'><strong>atrox</strong></span> <span class='ocrx_word' id='word_1_296' title='bbox 647 3151 818 3209; x_wconf 86' lang='lat' dir='ltr'><strong>responsum</strong></span> <span class='ocrx_word' id='word_1_297' title='bbox 850 3135 1033 3192; x_wconf 75' lang='lat' dir='ltr'><strong>rettulerunt:</strong></span> <span class='ocrx_word' id='word_1_298' title='bbox 1075 3139 1137 3197; x_wconf 78' lang='lat' dir='ltr'><strong>“Si</strong></span> 
     </span>
     <span class='ocr_line' id='line_1_37' title="bbox 147 3203 1136 3292; baseline 0.012 -28"><span class='ocrx_word' id='word_1_299' title='bbox 147 3203 253 3268; x_wconf 76' lang='lat' dir='ltr'><strong>Volscis</strong></span> <span class='ocrx_word' id='word_1_300' title='bbox 279 3230 349 3289; x_wconf 75' lang='lat' dir='ltr'><strong>ager</strong></span> <span class='ocrx_word' id='word_1_301' title='bbox 364 3209 547 3278; x_wconf 85' lang='lat' dir='ltr'><strong>redderetur,</strong></span> <span class='ocrx_word' id='word_1_302' title='bbox 560 3231 646 3289; x_wconf 80' lang='lat' dir='ltr'><strong>posse</strong></span> <span class='ocrx_word' id='word_1_303' title='bbox 668 3212 712 3290; x_wconf 68' lang='lat' dir='ltr'><strong>agi</strong></span> <span class='ocrx_word' id='word_1_304' title='bbox 736 3213 772 3269; x_wconf 89' lang='lat' dir='ltr'><strong>de</strong></span> <span class='ocrx_word' id='word_1_305' title='bbox 795 3232 886 3289; x_wconf 79' lang='lat' dir='ltr'><strong>puce3</strong></span> <span class='ocrx_word' id='word_1_306' title='bbox 908 3213 930 3268; x_wconf 72' lang='lat' dir='ltr'><strong>si</strong></span> <span class='ocrx_word' id='word_1_307' title='bbox 947 3235 999 3292; x_wconf 62' lang='lat' dir='ltr'><strong>prs</strong></span> <span class='ocrx_word' id='word_1_308' title='bbox 1012 3215 1028 3272; x_wconf 77' lang='lat' dir='ltr'><strong>(l</strong></span> <span class='ocrx_word' id='word_1_309' title='bbox 1044 3229 1046 3235; x_wconf 70' lang='grc'><em>“</em></span> <span class='ocrx_word' id='word_1_310' title='bbox 1065 3219 1136 3276; x_wconf 72' lang='lat' dir='ltr'><strong>lubi</strong></span> 
     </span>
    </p>
   </div>
   <div class='ocr_carea' id='block_1_3' title="bbox 145 3288 1215 3362">
    <p class='ocr_par' dir='ltr' id='par_1_3' title="bbox 145 3288 1215 3362">
     <span class='ocr_line' id='line_1_38' title="bbox 145 3288 1215 3362; baseline 0.012 -19"><span class='ocrx_word' id='word_1_311' title='bbox 145 3301 191 3362; x_wconf 87' lang='lat' dir='ltr'><strong>per</strong></span> <span class='ocrx_word' id='word_1_312' title='bbox 203 3290 291 3348; x_wconf 91' lang='lat' dir='ltr'><strong>otium</strong></span> <span class='ocrx_word' id='word_1_313' title='bbox 305 3288 361 3347; x_wconf 84' lang='lat' dir='ltr'><strong>frui</strong></span> <span class='ocrx_word' id='word_1_314' title='bbox 377 3289 480 3359; x_wconf 82' lang='lat' dir='ltr'><strong>velint,</strong></span> <span class='ocrx_word' id='word_1_315' title='bbox 495 3311 653 3349; x_wconf 86' lang='lat' dir='ltr'><strong>memorum</strong></span> <span class='ocrx_word' id='word_1_316' title='bbox 669 3313 699 3350; x_wconf 83' lang='lat' dir='ltr'><strong>se</strong></span> <span class='ocrx_word' id='word_1_317' title='bbox 714 3297 744 3349; x_wconf 90' lang='lat' dir='ltr'><strong>et</strong></span> <span class='ocrx_word' id='word_1_318' title='bbox 760 3292 867 3350; x_wconf 73' lang='lat' dir='ltr'><strong>cisium</strong></span> <span class='ocrx_word' id='word_1_319' title='bbox 884 3292 969 3362; x_wconf 69' lang='lat' dir='ltr'><strong>inimi</strong></span> <span class='ocrx_word' id='word_1_320' title='bbox 985 3331 989 3336; x_wconf 94' lang='lat'><em>-</em></span> <span class='ocrx_word' id='word_1_321' title='bbox 1003 3341 1009 3362; x_wconf 94' lang='lat'><strong>,</strong></span> <span class='ocrx_word' id='word_1_322' title='bbox 1025 3307 1053 3353; x_wconf 88' lang='lat' dir='ltr'><strong>et</strong></span> <span class='ocrx_word' id='word_1_323' title='bbox 1069 3298 1135 3355; x_wconf 88' lang='lat' dir='ltr'><strong>lus-</strong></span> <span class='ocrx_word' id='word_1_324' title='bbox 1214 3305 1215 3312; x_wconf 76' lang='grc'>’</span> 
     </span>
    </p>
   </div>
   <div class='ocr_carea' id='block_1_4' title="bbox 145 3360 1134 3770">
    <p class='ocr_par' dir='ltr' id='par_1_4' title="bbox 145 3360 1134 3770">
     <span class='ocr_line' id='line_1_39' title="bbox 145 3360 1134 3450; baseline 0.014 -28"><span class='ocrx_word' id='word_1_325' title='bbox 145 3365 229 3441; x_wconf 87' lang='lat' dir='ltr'><strong>pitum</strong></span> <span class='ocrx_word' id='word_1_326' title='bbox 244 3369 390 3437; x_wconf 71' lang='lat' dir='ltr'><strong>beneficii,</strong></span> <span class='ocrx_word' id='word_1_327' title='bbox 411 3369 594 3439; x_wconf 78' lang='lat' dir='ltr'><strong>adnisurum,</strong></span> <span class='ocrx_word' id='word_1_328' title='bbox 617 3381 813 3450; x_wconf 76' lang='lat' dir='ltr'><strong>mapparum,</strong></span> <span class='ocrx_word' id='word_1_329' title='bbox 836 3360 939 3430; x_wconf 74' lang='lat' dir='ltr'><strong>exsilio</strong></span> <span class='ocrx_word' id='word_1_330' title='bbox 961 3376 1011 3433; x_wconf 82' lang='lat' dir='ltr'><strong>sibi</strong></span> <span class='ocrx_word' id='word_1_331' title='bbox 1037 3374 1134 3436; x_wconf 73' lang='lat' dir='ltr'><strong>irritu-</strong></span> 
     </span>
     <span class='ocr_line' id='line_1_40' title="bbox 146 3448 1133 3524; baseline 0.013 -23"><span class='ocrx_word' id='word_1_332' title='bbox 146 3450 195 3513; x_wconf 83' lang='lat' dir='ltr'><strong>tos,</strong></span> <span class='ocrx_word' id='word_1_333' title='bbox 216 3467 273 3506; x_wconf 91' lang='lat' dir='ltr'><strong>mm</strong></span> <span class='ocrx_word' id='word_1_334' title='bbox 286 3449 402 3517; x_wconf 77' lang='lat' dir='ltr'><strong>fractos,</strong></span> <span class='ocrx_word' id='word_1_335' title='bbox 417 3448 529 3509; x_wconf 87' lang='lat' dir='ltr'><strong>anirnos</strong></span> <span class='ocrx_word' id='word_1_336' title='bbox 551 3453 648 3509; x_wconf 83' lang='lat' dir='ltr'><strong>esse.”</strong></span> <span class='ocrx_word' id='word_1_337' title='bbox 692 3455 801 3524; x_wconf 79' lang='lat' dir='ltr'><strong>lterum</strong></span> <span class='ocrx_word' id='word_1_338' title='bbox 818 3453 925 3511; x_wconf 83' lang='lat' dir='ltr'><strong>deinde</strong></span> <span class='ocrx_word' id='word_1_339' title='bbox 947 3453 1034 3513; x_wconf 80' lang='lat' dir='ltr'><strong>iidem</strong></span> <span class='ocrx_word' id='word_1_340' title='bbox 1052 3456 1133 3516; x_wconf 68' lang='lat' dir='ltr'><strong>missi</strong></span> 
     </span>
     <span class='ocr_line' id='line_1_41' title="bbox 147 3527 1131 3609; baseline 0.013 -29"><span class='ocrx_word' id='word_1_341' title='bbox 147 3540 198 3584; x_wconf 72' lang='lat' dir='ltr'><strong>urin</strong></span> <span class='ocrx_word' id='word_1_342' title='bbox 212 3527 392 3605; x_wconf 82' lang='lat' dir='ltr'><strong>recipiuntur</strong></span> <span class='ocrx_word' id='word_1_343' title='bbox 406 3529 437 3588; x_wconf 92' lang='lat' dir='ltr'><strong>in</strong></span> <span class='ocrx_word' id='word_1_344' title='bbox 452 3542 558 3588; x_wconf 82' lang='lat' dir='ltr'><strong>castra.</strong></span> <span class='ocrx_word' id='word_1_345' title='bbox 599 3527 776 3590; x_wconf 78' lang='lat' dir='ltr'><strong>Sacerdotes</strong></span> <span class='ocrx_word' id='word_1_346' title='bbox 792 3554 918 3609; x_wconf 70' lang='lat' dir='ltr'><strong>iitroque,</strong></span> <span class='ocrx_word' id='word_1_347' title='bbox 934 3536 993 3592; x_wconf 70' lang='lat' dir='ltr'><strong>suis</strong></span> <span class='ocrx_word' id='word_1_348' title='bbox 1011 3536 1072 3592; x_wconf 58' lang='lat' dir='ltr'><strong>imi«</strong></span> <span class='ocrx_word' id='word_1_349' title='bbox 1088 3537 1131 3593; x_wconf 78' lang='lat' dir='ltr'><strong>ni-</strong></span> 
     </span>
     <span class='ocr_line' id='line_1_42' title="bbox 146 3600 1131 3695; baseline 0.014 -35"><span class='ocrx_word' id='word_1_350' title='bbox 146 3600 328 3695; x_wconf 72' lang='lat' dir='ltr'><strong>busvelatos,</strong></span> <span class='ocrx_word' id='word_1_351' title='bbox 341 3609 398 3668; x_wconf 76' lang='lat' dir='ltr'><strong>isse</strong></span> <span class='ocrx_word' id='word_1_352' title='bbox 419 3610 568 3688; x_wconf 85' lang='lat' dir='ltr'><strong>supplices</strong></span> <span class='ocrx_word' id='word_1_353' title='bbox 593 3611 629 3668; x_wconf 88' lang='lat' dir='ltr'><strong>ad</strong></span> <span class='ocrx_word' id='word_1_354' title='bbox 645 3629 741 3670; x_wconf 82' lang='lat' dir='ltr'><strong>castra</strong></span> <span class='ocrx_word' id='word_1_355' title='bbox 758 3613 894 3684; x_wconf 80' lang='lat' dir='ltr'><strong>liostium,</strong></span> <span class='ocrx_word' id='word_1_356' title='bbox 910 3615 1052 3676; x_wconf 85' lang='lat' dir='ltr'><strong>traditum</strong></span> <span class='ocrx_word' id='word_1_357' title='bbox 1077 3623 1131 3684; x_wconf 81' lang='lat' dir='ltr'><strong>est,</strong></span> 
     </span>
     <span class='ocr_line' id='line_1_43' title="bbox 148 3684 848 3770; baseline 0.006 -24"><span class='ocrx_word' id='word_1_358' title='bbox 148 3684 228 3748; x_wconf 78' lang='lat' dir='ltr'><strong>nllulu</strong></span> <span class='ocrx_word' id='word_1_359' title='bbox 240 3688 335 3770; x_wconf 73' lang='lat' dir='ltr'><strong>inagis</strong></span> <span class='ocrx_word' id='word_1_360' title='bbox 347 3693 436 3767; x_wconf 58' lang='lat' dir='ltr'><strong>quim</strong></span> <span class='ocrx_word' id='word_1_361' title='bbox 449 3691 563 3770; x_wconf 84' lang='lat' dir='ltr'><strong>legatos</strong></span> <span class='ocrx_word' id='word_1_362' title='bbox 577 3690 694 3753; x_wconf 80' lang='lat' dir='ltr'><strong>flexisse</strong></span> <span class='ocrx_word' id='word_1_363' title='bbox 709 3696 848 3768; x_wconf 86' lang='lat' dir='ltr'><strong>uniiuum.</strong></span> 
     </span>
    </p>
   </div>
   <div class='ocr_carea' id='block_1_5' title="bbox 0 0 1322 4392">
    <p class='ocr_par' dir='ltr' id='par_1_5' title="bbox 0 0 1322 4392">
     <span class='ocr_line' id='line_1_44' title="bbox 0 0 1322 4392; baseline 0 3"><span class='ocrx_word' id='word_1_364' title='bbox 0 0 1322 4392; x_wconf 95' lang='lat' dir='ltr'><strong> </strong></span> 
     </span>
    </p>
   </div>
  </div>
 </body>
</html>
