2634 4392
105 357 108 392 l

106 431 107 458 r

259 183 274 256 l

105 295 109 352 t
171 306 231 361 rra
268 261 270 266 ⁵
590 294 755 359 nunt

170 459 262 520 dedit.
304 459 506 519 Intercessere
518 458 607 539 pauci
628 460 704 527 dies,
721 458 805 517 velut
818 458 919 519 tacitis
929 454 1057 517 induciis
1069 454 1152 515 ntrirt·

169 559 229 619 que
244 538 345 618 quiete
368 546 502 619 sumpti:
523 559 576 621 per
589 559 664 617 quus
678 538 783 619 ingens
796 538 842 597 vis
858 536 1006 598 hominum
1021 558 1056 596 ex
1070 535 1154 595 omni-

168 622 226 679 bus
239 617 359 679 Volscis
380 618 550 699 AEqnisquc
570 620 689 699 populis
710 618 740 677 in
762 618 966 686 castraverit,
979 618 1054 679 haud
1079 615 1153 674 dubi-

168 707 260 768 tans‚·
274 699 300 758 si
314 700 475 767 senserint,
492 700 641 759 Romanos
663 708 750 759 nocte
771 698 910 758 abituros.
953 700 1056 777 ltaque
1076 695 1155 756 tertia

165 778 347 845 tervisino
371 780 409 839 ad
424 787 521 839 castra
534 780 733 861 oppugnando
754 780 887 839 veniunt.
937 778 1101 853 Quinctius,
1117 796 1154 835 se·

168 859 239 919 dato
253 861 394 929 tumultu,
408 879 495 936 quem
516 867 611 920 terror
635 861 749 919 subitus
762 860 923 929 exciverat,
944 876 1033 938 quum
1049 876 1154 917 manere

158 939 200 999 'in
219 938 354 999 tentoriis
368 941 503 1018 quietum
516 940 643 1000 militem
660 941 809 1020 jussisset,
832 940 1028 999 Hernicorum
1065 938 1155 996 cohor·

168 1025 229 1079 tem
244 1020 273 1077 ir.
290 1020 447 1097 stationem
459 1020 560 1080 educit
573 1042 581 1091 ;
613 1020 780 1080 cornicines
801 1021 1019 1098 tubicinesque,
1031 1019 1062 1078 in
1075 1034 1154 1096 equos

167 1099 331 1181 impositos,
353 1120 459 1160 canere
480 1106 550 1160 ante
564 1102 675 1161 vallum
693 1102 788 1180 jubet,
813 1100 1036 1178 sollicitumque
1055 1098 1156 1157 hostem

168 1182 208 1240 ad
222 1181 318 1239 lucem
341 1189 444 1242 tenere
453 1202 463 1251 3
483 1180 630 1259 reliquum
646 1180 742 1258 noctis
756 1180 830 1239 adet
844 1180 1009 1257 tranquilla
1023 1178 1114 1237 omnia
1130 1177 1156 1235 in

169 1262 277 1319 castris
289 1260 384 1328 fuere,
399 1268 432 1319 ut
451 1263 547 1319 somni
560 1280 679 1339 quoque
695 1260 836 1319 Romanis
851 1259 935 1339 copia
950 1266 1041 1319 esset.
1080 1256 1155 1314 Vols·

170 1359 221 1414 cos
236 1341 350 1420 species
361 1348 539 1399 armatorum
557 1340 702 1418 peditum,
723 1360 797 1419 quos
812 1348 843 1399 et
854 1342 955 1420 plures
969 1360 1045 1410 esse,
1066 1345 1097 1397 ct
1108 1338 1156 1395 no-

168 1426 271 1479 mano‘s
303 1422 456 1499 putabunt,
490 1419 627 1479 fremitus
659 1420 852 1499 hinnitusque
874 1410 1026 1498 equorum}
1058 1418 1116 1497 qui,
1134 1421 1158 1473 et

168 1500 287 1558 insueto
300 1500 422 1557 sedente
435 1498 545 1578 equite,
559 1508 589 1559 et
603 1500 725 1579 insuper
735 1522 821 1561 aures
843 1501 973 1581 agitante
989 1500 1098 1568 sonitu,
1111 1516 1157 1555 sae·

169 1579 299 1646 viebant,
313 1578 444 1638 intentos
459 1580 543 1638 velut
556 1579 592 1637 ad
608 1580 749 1659 impetum
765 1579 860 1640 hostin
866 1602 893 1639 m
904 1579 1011 1638 tenuit.

208 1659 305 1719 LXV.
325 1658 385 1717 Ubi
409 1660 519 1729 illuxit,
541 1660 702 1728 Romanus,
723 1646 837 1741 inriget
864 1660 1049 1737 satiatusque
1071 1674 1160 1719 somno

168 1740 332 1820 productus
346 1740 377 1797 in
392 1740 496 1809 aciem,
516 1740 626 1799 fessum
642 1741 749 1805 stando
769 1754 799 1800 et
827 1740 935 1822 vigiliis
950 1740 1091 1799 Volscum
1112 1736 1160 1817 pri·

169 1840 219 1877 mo
232 1820 343 1898 impetu
359 1820 508 1900 perculit3
538 1833 706 1899 quanquam
730 1842 847 1880 cessere
869 1820 970 1900 magis
983 1840 1073 1897 qum
1097 1813 1162 1899 pulsi

169 1898 271 1957 hostes
285 1905 374 1956 sunt:
395 1899 465 1976 quia
475 1902 512 1957 ab
526 1907 608 1979 tergo
622 1908 709 1959 erant
723 1902 803 1970 clivi,
817 1901 848 1959 in
863 1920 936 1979 quos
951 1907 1017 1977 post
1027 1896 1161 1977 principis
1208 1924 1209 1929 ¹

170 1978 294 2058 integris
316 1978 466 2037 ordinibus
485 1988 569 2038 tutus
591 1988 729 2059 receptus
743 1981 809 2050 fuit.
851 1978 1042 2047 consulunt
1064 1978 1101 2038 ad
1116 1975 1162 2033 ini-

172 2080 263 2137 quum
290 2059 387 2117 locum
409 2067 532 2118 ventum
554 2068 609 2128 est,
630 2060 710 2120 sistit
731 2061 844 2131 aciem;
878 2060 963 2118 miles
977 2060 1055 2137 eegr&
1068 2054 1162 2121 teneri,

173 2140 302 2198 clamare
332 2153 361 2197 et
383 2157 516 2219 poscere,
535 2146 571 2200 ut
591 2140 737 2220 perculsis
758 2142 869 2200 instare
890 2140 990 2212 liceat
1032 2136 1164 2196 Ferocis

173 2226 267 2299 agunt
280 2220 416 2297 equites:
446 2214 616 2279 'circumfusi
638 2220 709 2279 duci
730 2210 940 2288 vociferantur,⁴
954 2239 985 2277 se
999 2218 1070 2277 ante
1092 2216 1163 2295 signa

171 2300 276 2358 ituros.
317 2301 396 2358 Dum
409 2302 693 2368 cunctatur‘consnl,
719 2300 828 2357 virtute
844 2298 969 2357 militnm
983 2298 1090 2365 fretus,
1109 2295 1162 2353 loco

172 2400 276 2459 parum
291 2378 397 2445 fidens,
412 2379 608 2446 conclamant,
630 2399 662 2436 se
686 2378 799 2436 ituros:
834 2379 1055 2455 clamoremque
1070 2398 1115 2437 res
1128 2380 1163 2433 est

174 2467 287 2519 secuta.
329 2458 409 2515 Fixis
423 2457 666 2537 interrumpitis,
680 2456 737 2535 qn?
756 2457 882 2517 leviores
898 2457 992 2515 ertlna
1004 2458 1163 2521 euaderent,

174 2558 262 2598 cursu
279 2539 415 2614 subeunt.
465 2537 607 2606 Volscus,
630 2537 732 2596 effusis
746 2537 782 2596 ad
798 2538 926 2617 primum
942 2538 1086 2615 impetum
1107 2533 1163 2594 mis·

175 2618 281 2677 silibns'
305 2616 384 2697 telis,
409 2633 480 2675 saxa
502 2619 668 2695 objacentis
689 2613 811 2695 pedibus
831 2618 941 2697 ingerit
961 2616 991 2674 in
1006 2620 1164 2678 subeuntes.

174 2697 367 2773 turbatosque
387 2696 495 2754 ictibus
517 2697 627 2758 crebris
647 2704 755 2833 nrqquet
774 2716 810 2755 cx
838 2697 988 2776 superiore
1009 2694 1087 2757 loco.
1126 2694 1165 2753 Sis

175 2780 265 2857 propi
281 2783 435 2833 oneratum
450 2782 497 2835 est
521 2774 672 2834 sinistrum
717 2776 830 2835 orrranis
846 2788 947 2843 cornu,
969 2772 1164 2837 ni-reserenti-

175 2853 231 2916 bus
260 2859 324 2936 jam
354 2856 481 2935 gradum
511 2856 625 2924 consul,
654 2854 839 2935 increpando
860 2855 953 2915 simul.
970 2858 1165 2917 temeritatem

178 2937 265 2997 simul
306 2936 463 3017 ignaviam,
497 2936 610 3015 pudore
649 2948 764 3008 metum
796 2936 986 2997 excussisset.
1047 2937 1166 3003 Restite-

176 3038 211 3077 re
231 3016 326 3097 primi>
346 3016 501 3076 obstinatis
529 3017 650 3076 animisz
684 3016 802 3086 deinde,
823 3022 858 3075 nt
886 3017 917 3075 in
939 3017 1106 3076 obtinentes
1133 3013 1166 3070 lo·

179 3118 247 3157 curn
272 3098 350 3157 vires
364 3096 506 3166 serebant,
525 3098 638 3174 audent
657 3098 736 3157 ultro
749 3100 882 3175 gradum*
894 3096 1025 3165 inferre;
1057 3104 1097 3166 et,
1115 3094 1166 3151 cla·

178 3198 261 3237 more
281 3187 433 3245 renovato,
448 3185 632 3236 commovent
646 3176 758 3244 acienr;
778 3184 841 3234 tum
857 3196 967 3253 rursu-s,
981 3176 1093 3255 impetu
1109 3192 1167 3250 rap·

179 3264 220 3325 to,
242 3258 404 3324 enituntur,
417 3264 508 3335 atque
522 3249 702 3337 essuper'ant
722 3255 910 3333 iniquitatem
925 3255 991 3315 loci.
1032 3254 1168 3333 lumpre-

204 3339 217 3392 ἳ,
233 3348 305 3404 erat,
326 3344 360 3395 ut
384 3335 414 3395 in
429 3355 576 3396 summum
592 3335 660 3393 clivi
679 3336 783 3417 jugum
799 3326 969 3402 evaderent,
983 3356 1083 3413 quum
1099 3344 1169 3409 tergo

180 3358 280 3478 lostes
294 3417 424 3475 dederes
444 3416 596 3495 effusoque
617 3434 705 3473 cursu
720 3416 794 3493 pent
818 3415 934 3497 agmine
949 3435 1007 3475 nnc
1033 3416 1169 3495 fugientes

183 3504 400 3576 sequentesque
415 3498 521 3556 castris
535 3494 676 3555 inridere.
718 3496 753 3553 ln
769 3516 803 3555 eo
825 3516 932 3576 pavore
946 3502 1047 3555 castra
1058 3492 1170 3573 capinn·

181 3589 251 3638 turs
291 3575 343 3654 qui
367 3576 539 3636 Volscorum
568 3576 697 3655 elingere
717 3582 892 3713 (quotuscunt,
917 3576 1040 3635 Antium
1066 3576 1171 3655 petunt.

183 3657 307 3717 Antium
323 3664 353 3715 et
368 3658 525 3715 'Romanus
547 3655 696 3715 exercitus
738 3662 845 3714 uetus:
879 3676 989 3735 pancos
1004 3655 1170 3715 circumses-

183 3753 250 3796 sum
271 3736 335 3795 dies
356 3734 485 3802 deditur,
505 3738 588 3794 nullt
603 3736 833 3815 oppugnantium
850 3744 927 3795 novet
949 3737 997 3805 ri}
1030 3735 1081 3793 sed
1099 3727 1170 3811 quil

176 3817 251 3904 ⁴⁸³¹.st
263 3814 346 3905 ‘inde'
366 3819 403 3877 ab
429 3814 543 3880 infelici
562 3834 662 3903 pugna
685 3816 849 3896 castrisque
870 3816 986 3883 amissis
1009 3814 1172 3875 ceciderant

181 3911 281 3955 Ultimo
