2634 4392
567 291 699 357 moun
713 294 750 356 V.
859 285 860 289 ¹
1098 299 1153 355 241

155 462 206 518 lor
216 453 331 527 luisset,
343 457 501 536 acceptum
514 451 693 518 referebant.
734 450 835 532 Quum·
849 452 913 532 jem
937 449 1073 513 humana
1088 469 1160 532 opes

157 542 269 618 egestae
296 556 316 596 a
336 533 424 615 Vejis
444 540 556 603 essent,
579 531 695 604 amoliri
721 536 786 592 tum
808 532 906 592 Deum
928 532 1008 592 dona
1019 529 1161 612 ipsosque

156 617 249 687 Deos,
260 616 314 676 sed
326 612 501 689 colentium„
511 612 616 695 magis,
639 609 933 692 qualmrapieutium,
947 611 1043 684 modo,
1057 630 1160 692 coepe·

153 715 209 767 τες
228 715 361 774 namque
381 693 495 754 delecti
506 713 545 753 ex
564 691 646 754 omni
660 690 794 761 exercitu
804 693 945 772 juvenes,
992 691 1045 752 ure
1067 689 1160 750 lautis

154 775 338 856 corporibus,
364 773 494 836 candida
518 778 614 843 veste,
634 771 743 851 quibus
768 771 954 854 deportanda
973 713 1097 832 honam
1111 789 1160 830 re-

153 854 226 936 gina
244 857 324 922 luno
336 854 486 936 assignata
499 859 574 922 erat,
596 849 801 912 venerabundi
815 849 1078 932 templumiuiere,
1097 849 1161 930 pri-

154 935 206 996 mo
231 934 369 1017 religiose
388 934 710 1001 admoventesmanus
725 948 746 989 s*
767 931 850 1010 qudd
885 929 918 991 id
942 930 1059 1020 signum
1079 949 1161 991 more

152 1014 297 1084 Etrusco,
317 1013 377 1075 nisi
399 1017 490 1077 certae
511 1009 611 1094 gentis
632 1011 783 1080 sacerdos,
798 1063 800 1068 ,
817 1015 979 1073 attrectare
1000 1030 1059 1070 nou
1080 1017 1161 1071 esset

152 1093 287 1165 solitus;
307 1093 379 1157 dein
401 1113 495 1173 quum
508 1091 642 1172 quidam,
664 1111 718 1152 sen
739 1088 846 1172 spiritu
859 1090 962 1158 divino
975 1096 1086 1160 tactus,
1106 1109 1159 1150 seu

149 1173 291 1254 juvenali
310 1175 390 1254 joco,
413 1172 537 1237 “Visne
561 1171 688 1233 Romam
714 1171 758 1235 ire
783 1171 910 1231 Juno?”
942 1169 1077 1240 dixisset,
1106 1187 1162 1231 au·
1216 1181 1231 1254 ¹}

151 1253 256 1314 unisse
272 1253 373 1323 ‚ceteri
394 1255 491 1315 Deam
512 1251 797 1312 conclamaverunt:
827 1249 898 1310 inde
926 1250 1035 1310 sabulos
1057 1249 1160 1330 adjec·
1230 1265 1231 1332 ζ

152 1338 222 1393 tum
240 1338 297 1402 est,
323 1353 429 1394 uocem
449 1352 568 1412 quoquc
581 1329 723 1400 meantis,
747 1329 898 1398 “Vella”
919 1329 1078 1400 auditam
1096 1349 1160 1390 mo·
1230 1361 1231 1400 q

87 1427 91 1436 ’
152 1417 219 1474 tam
242 1413 323 1474 certa
336 1410 410 1472 sede
430 1418 485 1470 sua
502 1410 591 1490 parvi
611 1407 778 1479 molimenti
802 1407 1002 1480 adminiculis,
1031 1429 1159 1488 sequen·
1230 1415 1231 1454 l

152 1491 195 1551 tis
221 1491 310 1550 modo
336 1487 508 1570 accepimus
534 1489 632 1550 levem
662 1509 698 1548 ac
725 1487 845 1549 facilem
867 1489 1017 1556 translatu
1040 1489 1160 1560 fuisses
1230 1525 1231 1572 y

150 1567 902 1716 thtlhllhllhltlahdmalth
916 1569 1159 1712 ltl’mhh
1230 1625 1231 1666 ³

153 1731 184 1790 ci
210 1735 317 1809 postea
339 1729 431 1797 idem,
485 1714 675 1811 uix-vocarat,
702 1667 851 1808 Carisillus
875 1694 1036 1790 dedicavit
1077 1669 1157 1792 ¹illic
1230 1705 1231 1784 J

153 1807 300 1888 VeJ'orum
320 1826 445 1869 occasus
463 1748 533 1888 hit,
557 1806 639 1866 urbis
664 1804 898 1898 opulentissimae
921 1807 1044 1885 Etrusci
1063 1807 1158 1896 nomi·
1229 1817 1231 1896 ζ

152 1886 463 1968 niemagnitudinem
482 1884 627 1946 suamvel
640 1886 748 1962 ultima
763 1885 850 1952 clade
869 1886 1055 1952 indicantis:
1076 1885 1158 1966 quod
1230 1901 1231 1934 1

151 1967 261 2028 decem
292 1969 412 2046 aestates
441 1965 613 2046 hiemesque
626 2028 629 2029 a
642 1965 801 2028 continuas
823 1963 1029 2042 circumsessa,
1062 1987 1156 2048 quum

151 2047 224 2127 plus
251 2046 403 2124 eliquanto
429 2046 566 2123 cladium,
583 2045 746 2116 intulisset,
768 2045 858 2126 quam
882 2045 1058 2126 accepisset,
1087 2067 1158 2129 pos·

152 2125 261 2198 memb,
279 2126 344 2206 jam
364 2123 428 2184 fato
439 2129 504 2186 tum
518 2125 648 2207 denique
662 2131 797 2208 urgente,
810 2126 948 2208 operibus
961 2132 1073 2198 tamen,
1096 2145 1156 2196 non
1189 2195 1192 2198 ,
1230 2147 1231 2150 ’

152 2205 242 2275 vien
263 2209 441 2344 aqualaest·
554 2287 556 2289 ι
607 2207 614 2216 ”
732 2272 734 2278 ,
1045 2267 1048 2270 ,
1230 2235 1231 2242 ¹

256 2283 315 2344 11.
334 2286 460 2348 Romam
486 2291 522 2346 nt
534 2286 711 2348 nunciatum
731 2293 786 2364 est,
810 2287 903 2368 Vejos
927 2291 1040 2367 captos,
1060 2306 1156 2367 quan·

153 2384 248 2444 quam
271 2370 303 2425 et
316 2365 452 2447 prodigia
464 2371 626 2448 procurata
637 2366 767 2438 fuerant,
777 2373 817 2428 el
839 2367 940 2430 vatum
960 2385 1111 2448 responsa,
1125 2371 1157 2429 et
1230 2393 1231 2410 ³

148 2445 176 2506 P
199 2443 287 2505 thicre
309 2451 405 2507 sortes
424 2453 528 2518 uotae;
549 2453 589 2518 et,
609 2446 758 2525 quantum
777 2445 914 2508 humanis
928 2446 1063 2526 adjuvari
1084 2467 1157 2509 con·
1230 2449 1231 2508 ἰ

150 2465 231 2584 siiiis
243 2528 384 2604 potuerat
396 2522 455 2594 ies,
475 2525 585 2586 ducem
603 2525 651 2585 Μ.
667 2528 799 2608 Furium,
819 2526 981 2606 maximum
994 2526 1156 2620 imperato·

148 2623 221 2663 rum
233 2602 376 2680 omnium,
391 2603 529 2742 leperanl
541 2624 552 2674 3
570 2610 682 2689 tamen,
702 2606 774 2684 quia
787 2612 832 2667 tot
845 2604 930 2670 annis
940 2607 1025 2668 sarid
1035 2607 1077 2670 rbi
1090 2608 1155 2669 bel·

149 2683 249 2742 latum
262 2686 336 2760 crat,
363 2694 528 2763 mutaeque
547 2682 651 2764 clades
671 2687 815 2766 acceptae,
841 2689 925 2748 velut
945 2707 983 2748 ex
1002 2687 1155 2769 insperato

148 2763 331 2823 immensum
349 2762 493 2843 gaudium
511 2759 593 2824 suits
613 2769 654 2834 et,
677 2764 851 2846 priusquam
875 2775 996 2829 senatus
1010 2767 1155 2830 decerne-

149 2847 209 2911 ret,
234 2842 326 2932 plena
337 2842 437 2908 omnia
457 2841 570 2923 templa
582 2843 783 2922 Romanarum
805 2853 943 2916 matrum,
968 2844 1067 2939 grates
1088 2849 1155 2909 Diis

149 2926 314 3002 agentium,
324 2925 420 2982 eraut·
460 2922 589 2983 Senatus
601 2921 633 2983 in
646 2925 851 3003 quatriduum,
870 2931 943 3004 quot
956 2927 1072 2992 dierum
1085 2929 1153 2987 nul·
1230 2959 1231 2962 ¹

149 3001 182 3060 lo
204 2999 383 3068 cerebello,
410 2999 640 3080 supplicationes
656 3005 821 3077 deceruit.v
849 3005 1008 3072 Adventus
1034 3024 1153 3088 quoque
1230 3029 1231 3064 r

148 3077 317 3147 dictatoris,
351 3078 486 3140 omnibus
507 3081 659 3143 ordinibus
681 3085 798 3144 obviam
822 3083 934 3154 effusis,
968 3085 1153 3159 celebratior,

149 3159 243 3237 quam
257 3156 346 3218 ullius
360 3177 492 3239 unquam
504 3167 594 3223 antea
605 3161 686 3224 fuit:
706 3163 935 3245 triumphusque
949 3184 1064 3227 omnem
1080 3187 1153 3228 con-

149 3241 271 3298 suetum
292 3237 457 3300 honorandi
476 3237 536 3301 diei
562 3239 645 3302 illius
665 3243 786 3302 modum
808 3245 993 3322 aliquantum
1014 3245 1153 3308 excessit.

147 3315 285 3407 Maxime
311 3318 490 3400 conspectus
513 3320 578 3400 ipse
603 3329 659 3392 est,
686 3341 775 3384 curru
790 3324 875 3402 equis
890 3323 966 3384 albis
975 3326 1082 3408 juncto
1103 3348 1154 3388 ur·
1230 3355 1231 3360 ¹

87 3415 88 3420 ¹
147 3399 219 3458 bem
241 3405 403 3458 unvectusz
424 3418 588 3480 parumque
607 3401 639 3460 id
664 3421 725 3462 non
739 3403 828 3463 civile
842 3403 940 3473 modb,
968 3405 1020 3465 sed
1048 3403 1152 3468 huma·
1230 3433 1231 3436 ¹

147 3495 223 3541 num
237 3473 339 3549 etiam,
351 3479 458 3538 visum.
497 3479 581 3541 lovis
595 3481 735 3561 Solisque
748 3482 834 3561 equis
856 3484 1035 3565 aequiparari
1055 3486 1152 3558 dieta·

145 3562 254 3625 torem,
287 3555 320 3616 in
349 3557 522 3640 religionem
549 3560 639 3622 etiam
662 3561 840 3624 trahebant:
869 3563 1095 3646 triumphusque
1116 3571 1152 3628 oh

147 3656 213 3698 eam
227 3654 319 3698 unam
332 3639 459 3700 maxime
473 3659 537 3699 rem
550 3639 667 3712 clarior,
703 3641 795 3721 quam
816 3645 936 3724 gratior,
963 3645 1029 3705 fuit.
1071 3647 1152 3707 'Pura

145 3716 256 3781 Juncni
271 3716 384 3799 reginos
397 3717 544 3798 templum
562 3719 595 3779 in
616 3721 771 3782 Auentino
792 3723 911 3792 locavit,
938 3725 1152 3804 dedicavitque

142 3793 274 3860 Marutae
292 3797 403 3868 marri,
421 3807 522 3877 atque,
542 3799 589 3860 his
602 3800 714 3869 divinis
729 3802 928 3882 humanisque
947 3806 1040 3866 rebus
1049 3805 1151 3886 gestis,

87 3895 88 3898 ¹
138 3873 313 3942 dictatura.
330 3896 365 3942 se
399 3876 558 4018 abdicauxit.
613 3880 674 3961 agi
698 3879 810 3942 deiude
837 3881 876 3942 de
904 3883 1054 3965 Apollinis
1075 3886 1152 3948 done
