2634 4392
192 312 253 376 lta
546 356 553 364 x
614 306 776 377 minuo

190 465 311 543 vidium,
325 467 379 533 secl
391 469 511 533 veniam
524 471 617 535 anmi
629 480 722 554 atque
736 468 947 536 adolescentiae
961 464 1098 556 petendo,
1120 472 1172 549 sibl,

191 554 243 633 qui
257 574 315 613 non
327 552 418 622 dicto,
432 572 493 615 non
505 553 586 615 facto
599 575 729 633 quemqu
751 576 778 614 m
794 556 1024 625 manuteneant
1039 558 1172 618 condona·

189 640 258 693 rent
271 633 376 705 lilium,
389 636 500 694 orabat·
547 634 610 695 Sed
623 634 676 694 alii
689 655 743 695 ave
776 637 902 695 abantur
914 652 1026 715 pratee,
1040 645 1094 697 aut
1103 656 1171 697 rere·

191 709 312 782 condia,
324 719 377 773 aut
390 721 492 773 metus
512 706 573 783 alii,
585 734 618 774 se
630 734 759 793 suasque
773 715 919 775 mulcatos
931 728 1100 793 querentes,
1108 724 1172 777 atro

189 791 219 853 ci
234 807 377 872 'responso
385 794 533 874 judicium
548 814 634 854 suum
648 794 854 874 praeferebant.

229 871 319 933 XIII.
340 873 495 934 Premebat
509 888 601 943 reum,
622 880 734 957 praeter
745 875 896 956 vulgatam
906 865 1057 943 invidiam,
1075 874 1169 935 crimen

189 966 302 1024 unum3
322 954 403 1033 qued
417 954 463 1013 Μ.
477 953 616 1015 Volscius
631 950 746 1024 Fictor(
753 956 805 1033 qui
822 963 891 1026 ante
905 954 1020 1035 aliquot
1030 976 1118 1015 annos
1131 956 1171 1015 tri·

189 1033 288 1093 bunus
300 1033 397 1115 plebis
409 1033 515 1103 suerat,
528 1034 615 1093 testis
629 1034 793 1103 exstiterat,
811 1037 881 1094 “lie
895 1036 973 1095 haud
996 1036 1088 1095 multb
1110 1040 1171 1115 post,

191 1115 283 1191 quim
293 1113 511 1195 pestilentiam
526 1113 751 1183 eructuassem
758 1117 1137 1196 juventutemgrassantem
1148 1114 1172 1172 iu

107 1229 108 1234 κ
193 1192 490 1263 Subura,i1icidisse;‘
523 1193 565 1252 ibi
578 1192 671 1253 rixam
693 1199 792 1253 nalem
807 1212 882 1263 esse,
900 1193 1085 1274 fratremque
1103 1213 1172 1254 suum

190 1274 332 1353 majorem
346 1281 427 1341 notu,
440 1274 570 1332 necdum
584 1293 621 1332 ex
634 1276 734 1331 morbo
748 1272 819 1344 satis
830 1273 976 1341 validum,
987 1290 1087 1354 pugno
1096 1274 1172 1333 ictum

191 1354 229 1412 ab
244 1351 374 1413 Kaesone
385 1352 528 1412 cecidisse
543 1350 754 1417 semianimem.
795 1354 879 1411 Inter
891 1370 997 1411 manus
1011 1354 1123 1413 domum
1134 1355 1172 1411 ab·

191 1431 295 1501 latum,
309 1439 515 1511 mortuumque
528 1432 599 1491 inde
611 1431 756 1511 arbItreri,
770 1449 825 1491 nec
840 1432 895 1491 sibi
910 1452 972 1492 rem
986 1433 1108 1513 exsequi
1125 1440 1172 1491 mm

174 1516 323 1589 sucronem
336 1532 390 1591 per
402 1512 540 1571 eonsules
554 1510 736 1593 superiorum
751 1530 894 1571 annorum
919 1510 1075 1573 licuisse=”
1112 1512 1172 1571 Hac

110 1620 127 1641 a
190 1590 312 1649 Volscio
335 1590 516 1660 clamitante,
543 1576 618 1651 aclea
639 1590 780 1651 concitati
800 1592 934 1651 homines
958 1598 1041 1662 sunt,
1067 1600 1100 1652 nt
1113 1590 1171 1651 baud

191 1671 319 1730 multum
333 1670 469 1739 abfuerit,
495 1669 572 1750 quin
591 1672 703 1752 Impetu
718 1670 819 1763 populi
835 1672 926 1731 Kaeso
940 1672 1086 1733 interiret.
1123 1670 1173 1727 Vir·

192 1748 291 1832 ginlus
312 1750 401 1831 arripi
416 1752 504 1842 jubet
530 1751 688 1821 bominem,
709 1760 739 1809 et
763 1772 792 1811 m
809 1744 929 1811 uincula
950 1752 1041 1821 ducir
1074 1744 1173 1832 patricii

194 1838 297 1891 contra
322 1830 353 1890 vi
367 1837 519 1891 resistunt.
560 1828 597 1889 Τ.
611 1831 771 1903 Quinctius
786 1831 930 1899 clariritat,
954 1842 971 1909 ἐ·
981 1831 1040 1890 Cui
1055 1832 1097 1891 rei
1111 1828 1172 1908 capi·

167 1981 172 1994 Ι
191 1912 263 1971 talis
274 1905 339 1971 dies
359 1910 441 1970 dicta
460 1911 508 1979 sit,
522 1916 553 1969 et
573 1911 611 1969 de
625 1930 684 1989 quo
696 1910 829 1969 futurum
844 1910 1013 1991 propediem
1034 1910 1172 1989 judicium

192 2003 261 2049 eum
286 1989 491 2049 indemnatum
504 1989 619 2049 indicta
639 1996 731 2049 causa
747 2009 804 2049 non
826 1990 932 2049 debere
945 1988 1080 2049 violari.”
1121 1987 1173 2046 Tri·

152 2108 162 2119 ι
192 2071 290 2130 bunos
303 2079 321 2106 “
333 2068 535 2149 supplicium”
555 2065 646 2149 negat
673 2080 690 2105 “
703 2077 890 2149 sumpturum
905 2062 936 2129 se
950 2062 988 2129 ile
1001 2068 1172 2133 indemnem

190 2154 381 2208 servaturum
395 2157 495 2209 tamen
515 2149 546 2209 in
560 2148 689 2210 vinculis
703 2170 769 2209 esse
784 2150 821 2209 ad
838 2150 944 2230 judicii
960 2151 1037 2208 diem
1050 2170 1058 2218 a
1085 2154 1124 2214 ut,
1136 2140 1173 2223 qui

192 2225 342 2290 hominem
356 2231 517 2299 necaverit,
541 2231 580 2289 de
600 2251 636 2291 eo
650 2221 790 2315 supplicii
817 2228 954 2289 sumendi
975 2230 1059 2309 eopia
1085 2224 1172 2307 populo

192 2307 329 2371 Romano
343 2310 427 2370 fiam
468 2310 622 2391 Appellati
644 2310 756 2369 tribuni
779 2309 874 2367 medio
888 2309 1009 2367 decreto
1026 2300 1172 2388 jueaurilii

195 2389 243 2451 sui
258 2390 439 2471 expediunt3
460 2390 491 2448 in
506 2390 626 2449 vincula
639 2388 748 2467 conjici
762 2392 865 2446 vetant
874 2400 883 2454 3
917 2386 983 2446 sisti
998 2408 1090 2455 reum,
1103 2402 1173 2466 pecu·

195 2467 344 2548 uiamque,
358 2468 416 2527 nisi
430 2468 563 2536 sistatur,
576 2468 685 2548 populo
701 2466 839 2547 promitti,
853 2466 972 2545 placere
984 2466 1172 2547 pronunciant

191 2551 346 2609 Summam
362 2547 495 2629 pecuniae
510 2560 652 2626 quantam
668 2566 785 2625 acquum
801 2552 880 2605 esset
894 2546 1038 2625 promitti,
1059 2546 1173 2605 rcnicbat

194 2625 381 2697 Indubiumt
414 2626 444 2686 id
460 2627 498 2687 ad
513 2634 648 2687 senatum
662 2625 803 2707 rejicitur.
854 2626 1041 2694 Reus,‹lum'
1061 2624 1173 2685 consule·

195 2714 300 2768 rentur
314 2708 427 2775 Patres,
447 2713 581 2767 retentus
595 2705 626 2763 in
652 2704 771 2784 publico
786 2708 850 2773 est3
870 2708 962 2763 ratles
976 2705 1049 2764 dare
1062 2702 1159 2787 placuit
1167 2714 1173 2767 3

195 2800 288 2847 unum
303 2787 408 2845 vadem
421 2785 516 2845 tribus
529 2784 660 2844 millibus
676 2785 745 2843 aeris
765 2782 954 2863 obligarunt3
987 2791 1063 2863 quot
1089 2786 1174 2844 daren-

195 2873 257 2936 tur,
272 2866 446 2946 permissum
465 2864 591 2924 tribunis
605 2870 673 2935 esta
707 2864 811 2922 decem
832 2861 992 2934 linierunt3
1013 2872 1058 2924 tot
1073 2862 1173 2925 vadibus

197 2954 355 3006 accusator
375 2947 501 3004 vadatus
521 2950 567 3003 est
586 2961 681 3002 rcunr.
736 2943 794 3002 llic
814 2943 928 3023 primus
950 2944 1042 3003 vades
1062 2943 1174 3025 publicos

198 3026 306 3097 dedita
325 3024 465 3104 dimissus
480 3028 495 3082 ὲ
509 3022 571 3083 foro
581 3030 676 3084 ‘nocte
689 3025 820 3103 proxima
837 3023 868 3082 in
884 3024 1044 3084 'l'uscos'in
1060 3022 1175 3106 exsilium

169 3155 175 3163 .
199 3106 282 3170 abiit
333 3104 445 3167 Iudicii
459 3103 508 3163 die
521 3118 613 3182 qurum
627 3112 820 3163 excusaretur
840 3103 934 3161 solum
960 3103 1085 3163 vertisse
1099 3098 1176 3181 erailu

199 3190 302 3254 eausa,
312 3181 405 3245 nihilo
416 3185 515 3245 miuus
524 3182 659 3264 Virginis
673 3182 791 3241 comitia
804 3182 939 3251 habente,
953 3184 1077 3265 collegae
1092 3177 1175 3271 appel·

198 3262 256 3325 lati
269 3264 409 3344 dimisere
423 3263 579 3325 concilium
591 3277 600 3332 3
633 3260 761 3352 pecunia
776 3262 792 3318 «ἶ
805 3272 891 3341 patre
905 3276 1010 3323 exacta
1024 3262 1176 3323 crudeliter·

198 3350 244 3412 ut,
258 3344 420 3403 divenditis
432 3342 568 3404 munibus
580 3344 674 3407 boms,
698 3339 878 3419 aliquamdiu
894 3352 976 3402 trans
988 3342 1127 3409 Tiberim,
1138 3354 1177 3395 te·

199 3420 257 3483 luti
270 3423 428 3504 relegatus,
441 3421 529 3481 devio
541 3414 670 3501 ‹irrotlam
684 3427 803 3500 tugurio
815 3422 936 3481 viveret,

219 3538 222 3544 =
242 3496 326 3560 XIV.
346 3502 414 3559 Hoc
422 3500 571 3580 judicium
585 3506 617 3560 et
629 3500 815 3581 promulgate
828 3502 876 3560 lex
887 3503 1021 3561 exercuit
1030 3495 1178 3561 civitatemt

190 3577 239 3642 'ab
251 3578 383 3640 extemis
396 3580 485 3639 armis
498 3580 590 3640 otium
604 3579 672 3639 faita
726 3579 834 3653 Quum,
849 3582 1082 3649 netutvrictares,
1102 3578 1179 3637 tribu·

200 3660 243 3729 nI,
257 3657 402 3738 perculsis
423 3660 561 3719 Patribus
574 3654 713 3719 lia-sonis
727 3659 841 3729 exsilio,
854 3666 940 3740 propi
958 3663 1099 3741 perlatam
1126 3670 1178 3714 esse

187 3738 361 3816 crederent
381 3735 485 3818 legem,
505 3745 546 3806 et,
572 3733 649 3817 quod
666 3739 705 3798 ad
729 3738 859 3799 seniores
880 3740 1002 3801 Petrum
1023 3737 1179 3821 pertineret

199 3817 361 3878 cessissent
373 3814 558 3897 possessione
570 3815 763 3897 reipublicae3
778 3818 923 3899 juniores,
934 3820 963 3879 iti
980 3818 1100 3879 inanimi
1113 3808 1179 3893 notul

198 3887 345 3959 Kanna
353 3896 505 3958 sodalium
523 3889 591 3969 fuit.
609 3914 720 3963 auxere
728 3898 793 3961 iras
811 3898 1059 3983 iu<plebem„uen
1079 3896 1180 3959 mirer
