2634 4392
90 325 91 328 ‘
178 353 239 412 soa
308 387 327 416 -,
605 347 644 410 'n
657 347 765 410 mvn

183 509 233 570 ubi
242 514 293 570 est
306 511 429 579 lectum,
451 507 609 570 interclusi
623 509 741 589 equites
753 529 763 568 t
782 526 840 570 nce
856 525 1052 647 perrumpere
1065 504 1181 580 eaden,

181 597 241 670 qut·
256 590 445 659 transierant,
472 609 558 670 posse
574 609 581 649 ε
602 588 642 648 ibi
656 589 784 650 maxime
797 608 855 649 con
867 588 941 651 ertis
953 588 1100 657 hostibus,
1125 596 1182 667 qna

181 669 262 737 riam
272 666 408 730 fecerant
421 687 430 728 u
450 676 481 730 et
494 668 597 729 consul
612 667 804 749 legionesque
817 670 973 737 Romanae,
988 688 1094 748 quum,
1107 668 1184 747 quod

180 753 322 828 tegumen
345 749 435 808 modd
455 749 550 813 omnis
577 747 848 816 exercitusfuerat,
875 767 1022 827 nusquam
1037 748 1183 817 uiderent,

182 846 222 887 ne
243 834 288 888 tot
301 828 476 890 fortissimos
490 829 570 890 viros
592 828 771 889 interclusos
784 826 965 910 opprimeret
986 826 1095 898 hostis,
1121 833 1184 888 teu·

186 906 264 968 dunt
286 907 316 967 in
332 927 543 987 quemcunque
556 925 668 968 casum.
708 907 827 968 Diuersi
850 905 965 976 Volsci,
986 907 1059 967 binc
1081 927 1185 967 consu·

184 985 245 1068 lem
266 1007 301 1047 ac
315 987 447 1080 legiones
467 988 626 1056 sustinere,
651 987 752 1048 altertr
767 987 866 1047 fronte
886 986 998 1047 instare
1018 987 1183 1067 Tempani·

186 1073 278 1146 utque
292 1069 441 1147 equitibus
455 1089 465 1139 3
485 1068 538 1147 qui
551 1087 642 1147 quum
654 1087 737 1148 saepe
751 1066 850 1126 conati
860 1072 1040 1146 nequissent
1052 1087 1183 1148 perrum-

225 1166 257 1207 re
271 1147 311 1207 ad
331 1167 409 1217 suos,
434 1147 549 1212 tumulo
571 1147 701 1226 quodam
714 1151 867 1225 occupato,
890 1146 923 1208 in
937 1149 1038 1207 orbem
1053 1165 1088 1207 se
1108 1152 1183 1206 tuta·

185 1231 305 1296 -antur,
329 1247 517 1307 nequaquam
535 1227 634 1288 inulti.
675 1227 742 1286 Nee
766 1246 874 1316 pugnae
898 1226 968 1286 finis
982 1232 1055 1286 ante
1070 1233 1183 1287 noctem

186 1304 270 1376 fuit3
291 1307 395 1367 consul
410 1325 538 1386 quoque,
546 1324 693 1386 nusquam
703 1313 826 1365 remisso
837 1306 1011 1374 certamine,
1017 1306 1094 1364 'dum
1104 1306 1183 1384 quic-

187 1403 278 1463 quum
292 1385 439 1464 superfuit
459 1386 546 1455 lucis,
560 1385 673 1446 hostem
689 1384 807 1445 tenuit:
827 1397 888 1444 nox
899 1383 1032 1446 incertos
1045 1383 1182 1445 diremitr

188 1469 351 1544 tantusque
365 1469 401 1526 cb
415 1465 616 1547 imprudentia
629 1469 756 1525 eventus
770 1470 897 1543 utraque
909 1471 1011 1525 castra
1023 1465 1126 1524 tenuit
1139 1485 1183 1544 pa·

145 1576 153 1588 ’
189 1563 253 1613 vor,
277 1554 320 1614 ut,
347 1543 462 1606 relictis
483 1544 593 1605 sauciis
619 1550 650 1604 et
674 1549 781 1624 magna
801 1550 886 1623 parte
898 1543 1185 1624 impedimentorum,

186 1626 275 1686 ¹umbo
309 1644 342 1685 ro
355 1623 444 1685 victis
455 1625 614 1688 'exercitus
629 1643 662 1684 se
673 1623 706 1683 in
718 1629 835 1683 montes
848 1623 999 1704 prosimos
1012 1623 1185 1704 reciperent
1226 1686 1228 1701 ἰ

189 1645 340 1766 Tunruius
366 1709 467 1768 minen
494 1705 710 1765 circumsessus
733 1703 814 1762 ultra
836 1702 964 1763 mediam
986 1710 1105 1763 noctem
1118 1710 1185 1772 est;
1226 1756 1228 1761 .

158 1841 163 1848 .
185 1783 252 1864 qui
265 1803 357 1864 quum
372 1784 658 1846 circumsedentibus
680 1782 853 1844 nunciatum
867 1787 946 1842 esset
958 1787 1060 1843 castm
1073 1781 1185 1842 deserta

191 1882 267 1931 esse,
294 1863 390 1924 victos
409 1865 467 1926 rati
481 1861 566 1932 suos,¹
586 1870 617 1924 et
629 1863 696 1942 ipsi,
711 1867 773 1941 quia
786 1881 936 1940 quemque
946 1862 980 1921 in
993 1861 1129 1922 tenebris
1174 1893 1185 1905 ·
1226 1880 1227 1889 ¹

191 1960 245 2002 vor
257 1940 338 2011 tulit,
350 1943 501 2024 fugerunt.
542 1941 726 2022 Tempanius
739 1946 819 2009 metu
831 1940 1004 2002 insidiarum
1013 1959 1089 2000 suos
1099 1881 1185 2001 auii-
1226 1962 1227 1969 ¹

191 2038 259 2080 cern
285 2020 384 2080 tenuit
397 2043 406 2093 ς
426 2023 577 2101 digressus
592 2021 703 2081 deinde
716 2021 781 2100 ipso
794 2039 863 2079 oum
877 2019 979 2102 paucis
992 2021 1185 2100 speculatum,

190 2117 286 2237 qpum
312 2102 349 2161 ab
372 2101 481 2162 sauciis
507 2099 842 2164 hostibusseiscitando
869 2101 1073 2182 comperisset,
1098 2107 1184 2160 cestra

224 2179 370 2240 olscoruru
389 2181 510 2242 deserto
533 2201 609 2252 esse,
635 2181 726 2243 lectus
740 2181 904 2241 ubtumulo
917 2179 1138 2249 suosdevocot,
1160 2186 1185 2238 et
1227 2194 1229 2255 l

154 2275 164 2290 ‘
193 2257 225 2320 in
239 2264 338 2320 castri
351 2262 485 2324 Romans
498 2267 635 2343 penetret
647 2281 657 2332 3
678 2259 728 2320 ubi
741 2278 833 2340 quum
846 2259 1185 2340 uestodeaertaqueom·
1227 2285 1229 2311 r

194 2337 255 2409 nia,
269 2347 360 2420 atque
374 2341 509 2410 eandem,
523 2361 613 2420 quom
628 2341 708 2421 ipud
722 2339 830 2409 hostes,
840 2339 1007 2404 feditatem
1019 2339 1185 2405 invenisset,

192 2418 366 2498 priusquam
381 2421 506 2480 Volscos
517 2421 656 2502 cognitus
668 2439 752 2479 error
764 2419 930 2489 reduceret,
954 2419 1064 2498 quibus
1112 2423 1187 2478 terat

196 2498 306 2558 sauciis
321 2499 420 2559 ductis
433 2519 544 2570 secum,
570 2499 693 2594 ignarus
712 2517 803 2578 quum
816 2499 966 2581 regionem
979 2439 1186 2579 cousurpctir·

191 2584 252 2646 set,
265 2578 303 2638 ad
317 2581 419 2639 urbem
432 2578 574 2660 proximis
587 2577 744 2640 itineribus
755 2579 861 2661 pergit
1093 2615 1097 2620 -

236 2657 303 2720 XL.
322 2659 389 2718 lum
403 2659 441 2720 eb
453 2659 532 2721 foma
546 2679 654 2742 pugnae
669 2658 807 2720 adversos
821 2665 1047 2739 castrorumque
1060 2659 1187 2720 deserto·

194 2755 262 2796 rum
275 2737 391 2815 perlata
401 2745 466 2798 erat
479 2759 487 2796 ι
507 2751 540 2799 ct
550 2747 622 2801 ante
632 2739 730 2798 omnia
740 2738 889 2818 deplorati
900 2746 987 2800 erant
997 2737 1125 2818 equites,
1135 2755 1187 2796 non

194 2814 311 2894 priuato
324 2816 427 2896 magis,
440 2821 530 2894 quern
544 2818 673 2899 publico,
685 2819 793 2878 luctu:
814 2819 984 2898 Fabiusque
998 2819 1115 2889 consul,
1133 2824 1187 2876 ter·

195 2911 264 2958 rore
273 2892 338 2954 urbi
346 2915 465 2976 quoque
475 2896 597 2990 injecto,
606 2897 767 2958 stationem
778 2906 849 2960 aute
857 2899 1188 2990 portasagebstaquum

91 3055 92 3062 p
195 2973 323 3052 equites,
343 2975 447 3056 procul
460 2997 516 3038 urar
529 2995 590 3039 non
603 2978 670 3038 sine
681 2983 796 3038 terrore
816 2980 852 3038 ab
872 2976 979 3047 dubiis,
1004 2997 1129 3058 quinam
1148 2989 1186 3032 es

198 3060 274 3122 sent,
288 3075 356 3116 mox
370 3077 386 3115 c
444 3055 489 3130 iti,
502 3063 616 3123 tantm
631 3077 669 3118 ex
679 3063 759 3118 metu
773 3056 909 3119 laetitiam
924 3058 1033 3127 fecere,
1042 3057 1187 3117 utclamur

91 3157 93 3224 l
196 3137 301 3226 urbem
315 3155 406 3217 perse
425 3145 491 3198 ¹eret
504 3137 725 3218 gratulantium,
751 3137 850 3198 salvos
871 3137 1062 3216 victoresque
1081 3133 1187 3196 redisse

92 3291 94 3304 p
199 3217 317 3292 equites
331 3235 339 3274 r
360 3221 440 3278 etex
454 3217 568 3278 moestis
581 3218 671 3298 paulo
695 3217 765 3276 anti
785 3216 930 3287 domibus,
943 3237 1013 3297 quae
1028 3215 1189 3281 conclama·

92 3307 93 3342 l
197 3299 307 3353 nerant
328 3313 405 3365 suos,
432 3301 655 3378 procurreretur
677 3295 710 3355 in
723 3295 810 3367 visse
831 3297 1010 3376 poridaeque
1025 3302 1140 3356 matres
1159 3311 1189 3351 ac

201 3374 350 3453 conjuges,
375 3375 473 3436 oblite
486 3396 548 3456 prae
562 3377 670 3458 gaudio
682 3375 809 3448 decoris,
831 3377 948 3438 obviem
968 3373 1078 3467 agmini
1091 3391 1191 3433 occur-

199 3459 310 3522 rerent,
323 3453 355 3514 in
368 3474 436 3516 suos
449 3474 587 3535 quoeque,
596 3481 600 3488 ·
608 3455 697 3516 simul
710 3474 834 3547 corpore
847 3462 938 3536 utque
951 3473 1049 3518 ammo
1061 3453 1113 3514 vix
1132 3469 1192 3532 prae

196 3531 309 3614 gaudio
322 3543 482 3614 compotes,
494 3535 615 3598 'effuse
655 3534 798 3596 Tribunus
815 3535 895 3616 plebi
915 3535 969 3614 qui
981 3535 1028 3594 M.
1041 3529 1192 3594 Postumio

197 3617 233 3670 et
247 3611 286 3670 T.
300 3612 440 3687 Quinctio
452 3614 532 3676 diem
547 3617 695 3683 dixerant,
721 3614 802 3694 quod
816 3615 855 3676 ad
875 3616 967 3696 Vejos
984 3633 1085 3676 eorum
1105 3614 1192 3690 operi

200 3689 279 3748 male
293 3701 454 3772 pugnatum
463 3700 552 3762 esset,
563 3692 680 3753 occasio
692 3693 812 3754 viaaest
821 3713 988 3773 perrecens
998 3693 1095 3758 odium
1112 3692 1193 3750 Sern-

198 3767 298 3846 pronii
325 3767 454 3832 consulis
474 3771 654 3832 renovandae
678 3771 710 3833 in
724 3790 775 3832 eos
788 3771 921 3832 invidiae.
962 3772 1078 3849 Itaque,
1103 3769 1193 3830 advo·

198 3851 270 3903 cati
285 3849 436 3918 concione,
448 3869 539 3930 quum
564 3849 711 3931 proditam
733 3851 816 3930 Vejrs
839 3852 1049 3932 rempublicam
1070 3867 1141 3910 esse
1160 3848 1194 3907 sb

199 3918 338 3995 ducibus,
346 3929 626 4018 proditumdcinde,
647 3928 719 4028 quia
731 3928 792 3992 illis
815 3927 938 4028 impune
947 3928 1049 4012 luerit,
1075 3927 1109 3995 in
1123 3925 1195 3992 vd
