2634 4392
535 321 733 411 ursanus.
1072 351 1131 412 na
1223 298 1224 347 ³

137 523 203 567 nan
217 501 321 568 adesse
339 506 449 587 jubet3
469 503 694 586 quibuscunque
714 503 793 565 vires
807 507 1004 588 suppetebant
1024 505 1062 567 ad
1083 517 1131 568 ar·

90 587 92 648 Ι
136 606 182 646 ma
205 586 337 658 serenda,
357 589 465 666 praesto
478 585 585 645 fuere:
604 585 688 666 signa
702 605 739 646 ex
752 586 858 645 serario
876 593 1013 667 prompta
1026 586 1130 646 lerun-

137 665 186 725 tu'r
210 666 247 725 ud
270 666 454 726 dictatorern.
494 665 682 743 Quaequum
702 661 869 746 agerentul,
895 665 994 727 hostes
1017 667 1047 726 in
1064 667 1131 728 loca

136 745 239 806 altiora
254 763 438 824 'concessere
450 764 459 814 ;
470 745 516 804 ab
530 744 661 805 dictator
680 744 798 824 agmine
821 745 930 806 infesto
951 745 1030 805 subit
1043 765 1052 803 t
1071 765 1131 807 nes

136 825 236 904 procul
259 825 409 884 Nomento
436 823 528 904 signis
550 822 677 892 collatis,
703 823 783 897 fudit
807 826 951 887 Etruscas
976 823 1133 906 legionen
1224 846 1225 849 ¹

138 904 280 984 compulit
305 905 376 964 inde
397 904 429 963 in
455 907 557 964 urbem
583 904 723 972 Fidenas,
756 904 894 984 volloque
924 903 1132 964 circumdedit.
1222 920 1226 945 ³

137 982 196 1042 Sed
218 1003 315 1076 neque
333 983 423 1044 scalis
450 982 517 1065 capi
536 987 652 1063 poterat
671 985 742 1042 urbs
761 983 823 1045 alta
835 991 867 1044 et
879 983 1014 1054 munitm
1034 1002 1135 1062 neque
1224 976 1225 1039 Ῠ

134 1061 165 1121 iu
185 1063 337 1125 obsidione
352 1063 473 1122 visulla
493 1069 567 1132 erat,
593 1062 665 1141 quia
675 1061 859 1124 frumentum
879 1083 944 1144 'non
958 1062 1132 1124 necessitati
1224 1084 1225 1143 p

134 1142 313 1214 moddsatis,
339 1144 392 1203 sed
413 1141 508 1222 copiae
530 1161 656 1220 quoque,
690 1143 808 1202 abunde
834 1161 873 1202 ex
896 1144 966 1210 ante
990 1147 1134 1203 convecto
1224 1202 1225 1213 ,

138 1220 311 1283 sufficiebat
349 1224 408 1292 lte,
422 1221 612 1303 expugnandi
630 1219 743 1358 pariter
757 1222 940 1304 cogendique
953 1222 992 1281 ad
1006 1220 1134 1281 deditio·
1224 1278 1225 1287 ,

132 1300 1135 1470 'stutatuiti}ultisltu{ltalztlzlc'ttllltsst

131 1466 241 1519 natura
255 1459 405 1520 tutissima
418 1467 491 1530 crat,
512 1479 600 1540 agere
618 1459 649 1518 iu
664 1479 763 1518 arcem
784 1460 957 1520 cuniculum
978 1459 1134 1530 institu1t;

132 1536 142 1596 i
164 1557 209 1607 se,
231 1537 441 1600 diversissimis
462 1539 538 1601 locis
551 1538 707 1597 subeundo
728 1538 767 1596 ad
786 1539 898 1619 moenia
920 1538 1134 1620 quadrifariam
1224 1592 1225 1597 ,

154 1617 229 1677 'viso
243 1617 385 1689 exercitu,
399 1618 451 1699 qui
464 1618 519 1678 alii
531 1617 597 1677 aliis
611 1617 810 1676 succederent
830 1619 869 1676 ad
878 1637 1015 1698 pugnem,
1036 1616 1134 1678 conti·

90 1715 91 1718 ¹
133 1695 218 1757 nenti
237 1696 287 1756 die
301 1716 338 1757 sc
351 1705 439 1758 nocte
453 1696 561 1776 proelio
575 1697 611 1754 ab
625 1714 715 1754 sensu
728 1695 825 1773 operis
837 1696 938 1756 hostes
958 1700 1134 1758 avertebat:

132 1775 238 1846 donec,
265 1774 398 1854 perfosso
413 1776 430 1834 a
443 1773 550 1834 castris
570 1779 681 1842 moute,
702 1780 802 1832 erecta
820 1774 852 1833 in
873 1796 971 1835 arcem
995 1776 1045 1836 via
1065 1782 1132 1856 estp

131 1853 315 1933 intentisque
335 1853 470 1914 Etruscis
491 1854 530 1945 ad
550 1871 642 1911 uanas
664 1853 777 1914 acesto
790 1853 924 1946 periculo
941 1855 1047 1924 minas,
1070 1856 1133 1918 cla-

133 1952 300 2074 bfuit?
313 1933 1137 2090 cultibili.titulusstatuisti?

133 2091 197 2152 lam
209 2091 357 2171 publicam
368 2095 401 2152 in
414 2097 517 2172 campo
530 2091 646 2152 Martio
659 2092 859 2171 probaverunt
872 2113 881 2164 3
894 2092 994 2174 ibique
1004 2092 1134 2174 primurn

132 2189 244 2232 census
292 2169 355 2252 puli
369 2177 520 2234 estractus.
1059 2189 1062 2197 ’

170 2191 292 2310 XXIll:
312 2251 441 2312 Eosdem
462 2251 600 2312 consules
613 2249 783 2332 insequenti
796 2273 876 2314 anno
894 2254 1032 2324 refectos,
1054 2254 1134 2319 Juli-

133 2349 185 2390 um
209 2329 344 2400 tertium,
386 2329 553 2412 Virginiurn
579 2331 698 2402 iterum,
724 2333 804 2413 apud
824 2332 1135 2416 MacrumJiicinium

132 2409 262 2470 invenio.
316 2409 455 2470 Valesius
476 2410 585 2472 Antias
610 2418 641 2472 et
661 2411 698 2485 Q.
718 2413 838 2474 Tubero
862 2413 910 2472 M.
929 2411 1079 2474 Manlium
1102 2417 1134 2475 et

134 2487 168 2562 Q.
190 2487 356 2569 Sulpicium
380 2491 517 2551 consules
538 2489 569 2549 iu
590 2509 658 2549 eum
680 2510 790 2551 annum
811 2492 925 2563 edunt3
946 2486 1081 2553 cetsrrlm
1100 2491 1133 2554 in

133 2573 193 2628 um
208 2568 398 2650 discrepante
413 2569 544 2630 editione
557 2573 589 2629 et
601 2569 722 2630 Tubero
743 2577 774 2631 et
793 2571 900 2633 Macer
915 2571 1012 2632 libros
1024 2570 1134 2633 unum

130 2656 269 2712 auctores
296 2648 495 2730 profitentur:
529 2659 645 2718 neuter,
677 2646 813 2714 tribunos
837 2648 966 2709 militum
992 2668 1028 2711 eo
1054 2670 1133 2715 auno
1225 2636 1226 2715 l

132 2725 235 2796 luisse,
262 2727 405 2788 traditum
428 2729 445 2788 d
465 2725 811 2809 scriptoribus‘antiquis
831 2727 1010 2790 dissimulat
1049 2729 1134 2792 Lici·
1225 2762 1226 2781 r

132 2805 180 2868 nio
203 2806 296 2868 libros
317 2807 397 2869 haud
418 2807 507 2868 dubie
527 2807 612 2886 sequi
631 2805 741 2868 linteos
761 2807 879 2888 placete
899 2814 932 2869 et
945 2809 1065 2874 Tubero
1083 2810 1134 2872 in-

134 2891 233 2947 certus
260 2886 322 2945 veri
346 2893 416 2956 est;
449 2885 502 2944 sed
525 2885 605 2946 inter
631 2889 741 2956 cetera,
769 2893 919 2949 vetustius
938 2887 1132 2969 incomperta.¹

132 2963 182 3026 boc
211 2983 332 3044 quoque
359 2964 391 3034 in
414 2963 529 3023 incerto
549 2962 689 3044 positum.
728 2967 791 3024 Tre
811 2966 927 3026 idatum
953 2966 985 3026 iu
1010 2968 1132 3034 Etruria

133 3051 177 3104 est
196 3050 266 3126 post
290 3043 420 3104 Fidenas
441 3047 553 3122 captas,
580 3061 640 3100 non
666 2985 842 3122 uejmtilus
863 3045 962 3106 soldrn
981 3047 1132 3107 exterritis

132 3129 214 3184 metu
239 3121 345 3183 similis
365 3120 475 3182 excidii
495 3119 653 3182 sedetiam
673 3123 800 3182 Faliscis
822 3124 967 3184 memoria
989 3124 1057 3185 initi
1069 3124 1133 3206 pri·

131 3203 180 3260 mo
203 3215 271 3261 cum
290 3202 327 3262 iis
340 3200 436 3262 belli:
456 3219 629 3281 quanquam
653 3200 867 3263 rebellantibus
890 3223 951 3264 non
964 3202 1132 3267 adfuerant.

131 3279 229 3361 Igitur
242 3299 333 3360 quum
347 3283 416 3342 duae
432 3279 585 3350 civitates„
599 3279 711 3416 lepatis
733 3280 814 3342 circa
834 3282 992 3343 dubdecim
1001 3284 1132 3375 populos

133 3359 242 3430 missis,
268 3362 487 3442 impetrassent,
508 3366 545 3420 ut
565 3359 603 3420 ad
654 3361 798 3422 oltumnae
825 3361 926 3425 fenum
947 3361 1131 3425 induceretur

132 3441 213 3498 omni
227 3439 356 3502 Etruriae
378 3438 537 3500 concilium
552 3458 561 3508 ς
581 3439 667 3501 velut
679 3460 784 3522 magno
803 3441 876 3502 inde
889 3443 1019 3503 tumultu
1032 3443 1130 3506 immi·

132 3527 233 3588 nente,
259 3526 379 3582 senatus
399 3517 496 3580 Maru.
509 3517 669 3580 AEmilium
682 3519 857 3582 dictatorem
870 3521 979 3582 iterum
992 3522 1053 3581 dici
1062 3524 1131 3603 jus·

131 3595 169 3656 ait
182 3619 191 3670 ;
211 3601 248 3659 ab
261 3618 296 3658 eo
309 3600 348 3659 A.
361 3598 531 3660 Postumius
544 3598 696 3662 Tubertus
710 3600 850 3680 magister
862 3600 995 3680 equiturn
1007 3609 1054 3662 est
1064 3600 1131 3678 disq

132 3681 180 3735 tus
195 3697 205 3747 ;
223 3678 395 3758 bellumque
414 3684 498 3740 tanto
512 3680 633 3758 majore,
653 3681 744 3759 quina
758 3679 899 3757 proximo,
913 3688 1021 3740 conatu
1036 3701 1128 3781 appa·

131 3762 227 3820 rotuuu
248 3765 305 3829 est,
319 3764 430 3838 quanto
462 3758 510 3817 lus
524 3764 589 3818 erat
601 3760 638 3819 ab
651 3759 732 3820 omui
742 3759 862 3820 Etruria
881 3759 1016 3841 periculi,
1036 3779 1128 3840 quarn

134 3835 170 3893 ab
184 3834 299 3900 duobus
310 3837 427 3918 populis
440 3778 548 3897 duent.
763 3891 766 3897 ,

175 3913 285 3977 XXIV.
306 3919 352 3978 Ee
371 3936 418 3978 res
433 3915 585 3995 aliquanto
597 3917 962 3998 exspectafioueomnium
982 3918 1129 3999 tranquil·

134 3990 190 4057 lior
211 3994 277 4062 fuit.
318 3998 425 4084 Itaque
439 4015 532 4080 quum
544 3997 753 4062 renunciatum
774 3999 1018 4068 &mercatoribus
1038 4005 1129 4074 esser,
