2634 4392
80 157 237 178 ν--η--Ι-μ-
318 157 399 175 ’.Ἰ-η,
484 157 596 170 -,--=w
626 159 648 161 --
671 157 686 164 -
717 157 761 166 *vu
786 159 792 174 ψ,
832 157 836 163 =
892 157 897 166 ι
940 159 969 164 --
1091 157 1136 165 ---

570 273 753 338 urnnnv.
1107 277 1166 350 aer

156 455 195 496 eo
213 433 287 496 nihil
309 437 395 494 tenet
409 433 504 494 solum
526 435 643 515 patna,
667 455 723 496 nec
736 433 801 494 irasc
814 436 904 503 terra,
928 449 1017 514 quarn
1029 437 1155 494 matrem

157 514 344 596 appellamus
356 534 366 584 3
379 513 433 573 s'ed
447 514 479 577 in
490 512 646 593 superficie
658 513 816 595 tignisque
831 513 939 575 caritas
955 514 1037 574 nubis
1047 513 1154 590 patriae

157 595 297 674 pendet?
325 593 483 672 Equidem,
496 594 611 656 fatebor
624 594 716 662 vobis,
730 593 787 654 etsi
798 593 897 654 minus
907 591 1024 673 injuriae
1035 597 1154 662 vestroe,

154 673 249 753 quim
270 693 346 733 mese
366 673 554 748 calamitatis,
576 675 747 735 meminisse
766 675 863 764 juvet,
896 673 985 750 quum
1011 675 1158 742 abessem,

158 753 396 832 quotiescunque
409 753 505 832 patria
518 753 550 812 in
563 760 693 814 mentem
702 759 832 820 ueniret,
857 751 923 812 hrec
936 751 1035 812 omnia
1048 771 1154 810 oecur-

157 836 274 903 rebant,
286 831 388 902 eolles,
401 833 566 912 campique,
577 839 609 893 et
618 831 748 902 Tiberis,
770 839 802 892 et
815 829 1050 894 assuetu,oculis
1062 831 1154 911 regio,

157 918 191 972 et
203 912 258 972 hoc
272 911 392 980 curium,
404 919 460 971 sub
473 932 532 992 quo
544 918 634 973 natus
647 913 852 991 educatusque
866 927 960 970 essem
977 929 986 979 ;
1006 929 1072 989 quas
1092 929 1156 978 voe,

158 990 301 1066 Quirites,
323 1010 404 1051 nuuc
425 999 567 1055 moveant
578 991 817 1072 potiriscaritate
831 995 895 1057 sul,
910 997 945 1048 ut
957 988 1101 1055 maneatis
1121 989 1154 1048 in

157 1071 231 1132 sede
243 1076 353 1140 vestra,
363 1071 452 1150 quim
465 1077 579 1150 postea
591 1090 684 1147 quum
697 1069 877 1150 reliqueritis
888 1088 932 1140 ea,
940 1075 1093 1130 macerent
1102 1067 1156 1128 de·

157 1150 278 1211 siderio.
317 1151 390 1210 Nou
403 1152 468 1210 sine
482 1170 573 1221 eausa
585 1150 636 1210 Dii
645 1149 838 1228 hominesque
852 1148 931 1208 hunc
946 1148 1011 1209 urbi
1025 1148 1156 1208 conden·
1206 1164 1210 1167 ·

156 1229 205 1291 dae
221 1231 320 1292 locum
333 1230 497 1311 elegerunt,
519 1229 726 1290 saluberrimos
753 1230 854 1298 colles,
877 1227 989 1292 fiumen
1015 1233 1155 1308 opportu-

81 1328 82 1333 ’
159 1329 242 1379 num,
252 1330 312 1388 quo
324 1328 362 1369 ex
375 1309 600 1371 mediterraneis
612 1308 689 1370 locis
702 1308 806 1390 fruges
815 1307 1008 1377 devehantur,
1021 1327 1080 1386 quo
1094 1327 1157 1368 ma·

157 1388 251 1449 ritimi
275 1396 459 1449 commeatus
471 1388 677 1479 accipientum
698 1407 779 1448 mare
792 1387 924 1448 vicinum
943 1386 981 1446 ad
995 1386 1156 1446 commodi·

158 1472 248 1539 tates,
268 1487 325 1528 nec
338 1467 505 1548 expositum
516 1468 607 1529 urunt
616 1468 841 1548 propinquitate
854 1467 893 1528 ad
921 1529 922 1532 ,
946 1465 1040 1526 ricula
1052 1465 1156 1526 classi·

157 1567 212 1616 urn
223 1552 412 1608 externarum
427 1567 436 1605 z
457 1547 610 1628 regionum
623 1547 720 1608 ltaliae
733 1547 874 1624 medium,
886 1567 904 1606 a
938 1545 1157 1618 incrementum

158 1627 242 1688 urhis
264 1632 368 1688 uatum
382 1625 469 1687 unici
482 1627 590 1687 locum.
631 1630 816 1708 Argumento
837 1631 883 1686 est
905 1625 971 1706 ipsa
984 1624 1157 1706 magnitudo

159 1713 225 1766 tam
237 1725 323 1767 novoe
336 1706 439 1777 urbis3
458 1705 687 1769 trecentesimus
701 1705 900 1786 sexagesimus
914 1704 1036 1783 quintus
1060 1723 1158 1764 annus

157 1783 252 1854 nibis,
265 1785 407 1858 Quirites,
426 1790 546 1866 agitur:
564 1788 643 1846 iuter
655 1791 703 1845 tot
716 1786 890 1845 veterrimos
904 1783 1029 1864 populos
1043 1785 1157 1845 tamdiu

158 1864 241 1925 bella
253 1864 355 1946 geritis
368 1884 379 1933 ς
411 1885 513 1944 quum·
526 1865 649 1935 interea,
675 1885 714 1926 ne
727 1863 859 1945 singulus
871 1865 977 1942 loquar
989 1865 1085 1934 urbes,
1099 1883 1160 1924 non

160 1942 316 2024 conjuncti
336 1964 404 2004 cum
424 1943 536 2022 AEquis
559 1944 672 2014 Volsci,
695 1950 815 2006 tottam
837 1943 936 2004 valida
955 1942 1073 2024 oppida,
1098 1963 1160 2003 uon

159 2022 302 2083 universa
316 2023 445 2088 Etruria,
458 2031 575 2083 tantum
586 2030 667 2084 terra
678 2023 811 2102 murique
825 2023 952 2103 pollens,
971 2028 1059 2101 atque
1080 2023 1159 2084 inter

161 2102 224 2162 dno
244 2102 338 2162 maria
350 2101 539 2163 latitudinem
552 2104 690 2163 obtinens
708 2103 817 2174 Italiae,
838 2103 919 2174 bello
931 2101 1014 2161 vobis
1028 2123 1081 2182 par
1104 2109 1160 2164 est·

161 2181 251 2256 Quod
264 2200 357 2261 quum
370 2182 412 2241 ita
426 2180 475 2250 sit,
488 2200 555 2260 quae
568 2181 702 2264 (ndum)
718 2185 793 2243 retio
807 2189 863 2252 est,
884 2181 1086 2262 expertisaliu
1107 2201 1159 2242 ex·
1234 2181 1237 2186 ’

157 2261 263 2344 periri,
276 2278 369 2340 quum
375 2262 449 2339 Jum,
457 2268 493 2319 ut
504 2260 597 2320 virtus
609 2267 707 2322 vestra
717 2261 845 2322 transire
859 2260 918 2321 ulia
927 2259 1032 2342 possit,
1042 2259 1160 2332 fortuna

161 2340 246 2400 certa
257 2338 316 2399 loci
324 2340 415 2420 hujus
423 2339 576 2400 transferri
586 2360 646 2401 non
657 2340 773 2422 possiti
786 2342 846 2400 liic
857 2338 1038 2420 Capitolium
1046 2345 1101 2410 est,
1109 2339 1160 2400 ubi

147 2418 315 2499 „quondam
325 2419 423 2499 capite
433 2419 693 2482 humauoinvento
702 2437 873 2501 responsum
885 2425 940 2489 est,
951 2439 986 2480 eo
997 2421 1061 2480 loco
1070 2425 1161 2500 caput
1234 2451 1237 2458 ·

160 2517 263 2558 rerum
270 2518 414 2558 summam
437 2519 474 2558 ue
485 2498 669 2578 imperiilore
681 2499 756 2571 3hio,
766 2519 857 2580 quum
868 2499 1010 2580 augurato
1020 2500 1161 2560 liberare-

160 2520 1161 2660 turCapitolium,iuventus'l'erminusquemaximogaudiopatrum

164 2663 334 2718 nostrorum
345 2660 457 2718 moveri
476 2678 509 2718 se
519 2678 580 2718 uon
590 2657 671 2738 passi
681 2679 690 2730 ;
699 2657 757 2718 nic
769 2658 870 2718 Vestae
883 2657 977 2738 ignes,
987 2657 1037 2718 hic
1051 2659 1161 2720 ancilia
1179 2715 1180 2718 ,

81 2736 82 2739 ’
120 2752 139 2790 ·.
160 2737 241 2797 eoelo
254 2735 386 2805 dimmsa,
401 2737 467 2811 liic
478 2757 581 2798 omnes
593 2737 712 2818 propitii
727 2738 913 2799 manentibus
924 2735 1006 2813 vobis
1018 2737 1101 2798 Dii.”
1114 2779 1115 2782 η

205 2816 273 2876 LV.
283 2815 417 2900 Movisse
430 2837 480 2878 eos
491 2817 638 2879 Cunullns
651 2838 742 2910 quum
753 2817 812 2878 alit
824 2817 964 2886 oratione,
973 2823 1036 2876 tum
1047 2838 1161 2894 eaquae

164 2895 206 2958 ad
220 2894 378 2986 religiones
390 2898 566 2974 pertinebat,
588 2899 714 2958 maximi
738 2896 847 2970 dieitur
858 2917 867 2968 3
889 2897 942 2956 sed
963 2916 1023 2956 rem
1043 2897 1163 2958 dubiam

164 2976 302 3036 decrevit
320 2993 378 3033 vox
398 2982 563 3054 opportuna
584 2976 708 3046 eudssa3
729 2976 820 3055 qued,
841 2995 932 3056 quum
956 2981 1081 3044 senatus
1096 2983 1164 3057 post

168 3053 271 3135 paullo
282 3054 321 3113 de
334 3052 382 3112 his
393 3057 481 3119 rebus
493 3055 525 3114 in
537 3055 749 3116 curialiostilia
757 3054 1166 3134 haberetur,cohortesque,ex

163 3130 317 3215 praesidiis
329 3142 523 3204 revertentes,
536 3133 613 3194 forte
626 3135 853 3214 agmine-iurum
867 3133 1040 3203 transirent,
1057 3147 1163 3194 centu·
1232 3195 1236 3202 ,

167 3212 214 3271 rio
232 3212 263 3271 in
283 3212 402 3274 comitio
423 3213 620 3274 exclamavit:
643 3225 661 3252 ⁴⁶
675 3213 812 3296 Signifer,
836 3220 934 3274 statue
954 3213 1092 3296 signum:
1113 3214 1164 3274 hic

167 3291 351 3352 manebimus
365 3293 477 3373 optime
487 3295 519 3364 ;”
533 3300 594 3374 qut
608 3314 682 3354 voce
693 3294 805 3363 audita,¹
816 3299 847 3354 et
857 3299 987 3362 senatus,
1001 3305 1019 3331 ‘⁸
1028 3293 1164 3374 accipere

167 3389 202 3433 se
212 3374 330 3442 omen,”
339 3391 377 3432 ex
388 3372 622 3454 cunaogressus,
631 3371 838 3441 conclamavit,
852 3377 883 3432 et
893 3373 976 3452 plebs
986 3373 1166 3435 circumfusa
1206 3369 1237 3386 ‘⁹

166 3452 351 3531 approbavit.
391 3451 558 3532 Antiquatri
579 3451 688 3512 deiude
702 3451 777 3532 lege,
801 3451 967 3533 promiscui
987 3452 1057 3513 urbs
1070 3451 1165 3514 aedifi·

167 3529 231 3590 ceri
254 3534 360 3611 crepta.
372 3534 385 3556 ‘'
400 3532 518 3612 Tegula
531 3533 648 3611 publice
661 3530 784 3612 praebita
798 3539 844 3592 est
858 3553 866 3590 τ
887 3531 950 3591 saxi
970 3531 1165 3612 materiesque

167 3609 335 3685 caedendae,
347 3611 428 3671 unde
439 3611 566 3692 quisque
580 3610 680 3674 vellet.
688 3611 741 3690 jus
754 3610 867 3672 iactum
879 3631 888 3669 r
900 3610 1048 3704 praedibus
1059 3631 1166 3692 accep-

156 3689 217 3764 tis,
244 3709 279 3750 eo
295 3709 374 3749 anno
386 3690 512 3751 edificia
529 3690 723 3772 perfecturos.
763 3690 927 3752 Festinatro
940 3709 1040 3768 curam
1056 3691 1168 3752 exemit

167 3767 251 3830 vicos
261 3767 419 3850 dirigendi,
427 3770 617 3842 dum,omisso
624 3770 672 3832 sui
683 3769 832 3850 alienique
844 3769 1062 3840 discriminum
1073 3790 1168 3830 vacuo

167 3846 337 3911 edificant
372 3851 419 3912 ua
432 3858 479 3911 ent
491 3868 592 3919 causa,
605 3850 639 3916 ut
653 3855 768 3912 veteres
783 3851 906 3919 cloacae,
920 3849 1014 3930 primu
1027 3870 1081 3930 per
1094 3852 1169 3932 pub·

162 3927 262 3990 licum
275 3929 388 3999 ductae,
399 3949 479 3990 nuuc
500 3929 617 4010 privata
632 3927 743 4010 passim
759 3929 1169 4012 subeanttecta3fcr1uaque

171 4005 254 4071 urbis
264 4008 304 4072 sit
317 4017 473 4091 occupatae
487 4009 590 4094 magis,
599 4010 690 4092 quiin
701 4007 819 4097 divisse,
832 4009 945 4075 similis.

1157 4145 1237 4204 J
