2634 4392
177 283 222 344 ao
590 280 629 341 e.
643 281 752 343 n1v11

176 442 332 505 iivenisse
345 447 464 524 tempus
485 441 654 522 premendae
675 440 770 522 plebis
783 442 937 522 putabant,
963 444 1175 524 recuperandi-

92 530 94 557 ¹
177 542 237 604 que
244 527 324 604 jura,
344 541 413 602 quae
427 528 545 584 extorto
563 521 734 582 secessione
748 542 783 582 ac
797 522 828 581 vi
849 521 987 583 Patribus
1001 531 1123 584 essent:
1145 525 1176 584 in

175 603 278 685 primis
290 601 427 665 Marcius
439 601 625 672 Coriolanus,
644 601 739 662 hostis
752 601 920 664 tribuniciae
934 603 1101 683 potestatis,
1114 615 1132 641 ‘⁶
1145 605 1178 663 Si

176 682 478 763 annonem,'’·inqnit,
491 694 509 720 ‘⁸
520 689 654 745 veterem
673 683 787 751 volunt,
803 684 855 762 jus
868 682 1026 764 pristinum
1048 683 1178 744 reddant

148 773 152 779 '
175 764 322 826 Patribus.
362 763 428 824 Cur
445 783 502 845 ego
520 761 653 844 plebeios
665 762 865 844 magistratus,
885 783 939 822 cur
955 761 1103 824 'Sicinium
1125 785 1177 844 po·

173 848 290 906 tentem
303 843 402 913 video,
414 845 476 904 -sub
496 844 598 926 ’ugum
617 842 736 914 missus,
749 848 893 924 tanquqm
915 843 932 901 d
945 842 1109 904 laboribus
1131 865 1176 903 re·

175 923 339 1006 demptus?
371 925 475 1005 Egone
490 861 548 983 lias
561 921 756 1005 indignitates
774 922 890 983 diutinis
903 921 999 1004 patiar
1017 924 1110 1014 qudm
1125 943 1175 984 ne·

175 1023 260 1066 nesse
272 1005 344 1066 esti
363 1002 564 1083 Tarquinium
583 1023 683 1086 regem
696 1001 749 1082 qui
762 1021 822 1063 non
834 1003 964 1072 tulerim,
975 1001 1120 1064 Sicinium
1135 1003 1177 1065 fe·

98 1094 102 1102 '
175 1084 261 1147 ram?
295 1083 425 1145 Secedat
437 1102 528 1153 nunc,
542 1090 648 1146 avocet
661 1082 795 1165 plebem:
828 1079 980 1164 patet'via
999 1083 1031 1152 in
1052 1083 1177 1146 Sacrum

175 1169 308 1227 montem
320 1161 454 1243 aliosque
468 1163 570 1224 colles.
602 1162 735 1243 Rapiaut
747 1163 897 1224 frumenta
910 1181 947 1224 ex
960 1162 1039 1244 agris
1059 1163 1177 1234 nostris,

196 1243 428 1304 ucmndmodum
441 1239 532 1304 tertio
544 1261 669 1303 annona
690 1261 770 1304 uere.
811 1242 943 1302 Utantur
955 1249 1176 1322 annonaquam

174 1263 276 1387 dimne
294 1340 349 1383 suo
367 1321 478 1384 iecere·⁴
530 1321 638 1382 Audeo
689 1339 768 1392 core,
780 1320 837 1403 hoo
849 1321 929 1385 malo
948 1321 1076 1384 domitos
1095 1323 1175 1403 ipsos

92 1433 94 1438 ·
175 1401 277 1486 petiole
289 1402 421 1464 cultores
433 1417 570 1484 agrorum
582 1401 656 1471 fore,
682 1402 774 1482 qudm
787 1403 825 1461 ut
842 1401 947 1464 armati
968 1422 1020 1484 per
1034 1402 1175 1465 secessio·

175 1501 245 1544 nem
258 1479 317 1543 coli
336 1480 542 1564 prohibeant.”
582 1479 676 1544 Haud
696 1485 758 1544 mm
777 1480 867 1542 facile
881 1479 965 1542 dictu
986 1487 1043 1553 est,
1062 1481 1193 1564 faciem,

174 1561 288 1624 dumne
301 1555 403 1632 nent,
421 1558 514 1642 quim
527 1560 660 1643 potuisse
674 1559 799 1624 arbitror
812 1559 886 1631 fieri,
899 1567 943 1632 ut,
956 1561 1175 1630 'conditionibus

174 1640 298 1704 laxandi
309 1659 469 1711 annonam,
487 1646 521 1701 et
532 1638 723 1704 tribuniciam
735 1645 925 1722 potestatem,
936 1647 969 1704 et
980 1641 1080 1704 omnin
1099 1641 1175 1706 iuri·

179 1721 220 1786 tis
236 1723 306 1802 juro
317 1719 358 1782 im
412 1719 457 1784 itu
468 1718 746 1782 Pauesdernerent
757 1719 823 1783 sibi.

216 1800 343 1864 XXXV.
389 1799 534 1867 tsenatui
553 1799 643 1863 nimis
655 1806 741 1862 atrox
754 1801 818 1862 risa
831 1800 980 1862 sentenlia
992 1807 1049 1872 est,
1068 1806 1101 1862 et
1113 1800 1175 1882 plo.

166 1883 244 1944 hm
255 1881 301 1940 ira
312 1901 405 1962 prope
417 1879 553 1941 armarit.
605 1891 624 1920 ⁸⁴
633 1880 726 1942 Fame
738 1899 770 1940 se
786 1881 861 1960 jam,
873 1880 951 1940 siem
964 1879 1075 1952 hostes,
1095 1881 1176 1964 petio

175 1960 243 2023 elbo
255 1958 398 2040 victuque
418 1957 568 2022 mooun:
600 1958 1002 2047 peregrinum'frumeutum,
1020 1978 1092 2040 quae
1115 1961 1176 2023 sola

176 2041 321 2106 alimenta
332 2059 370 2100 ex
390 2039 398 2054 ⁹
475 2045 542 2101 rabo
560 2036 682 2104 lomna
701 2037 828 2110 dederit,
847 2040 884 2102 ab
903 2057 954 2100 ore
973 2039 1049 2120 r'api,
1069 2038 1130 2102 nisi
1144 2041 1176 2101 (l.

176 2119 295 2184 Marcio
309 2119 404 2181 vincti
463 2117 573 2181 dantur
592 2118 712 2191 tribum,
725 2117 784 2182 nisi
796 2118 932 2202 detergo
952 2117 1047 2204 plebis
1067 2119 1176 2181 Romo

177 2219 226 2262 noe
240 2198 377 2262 satisfiat.
417 2199 496 2260 Eum
508 2197 566 2260 edri
585 2201 758 2262 carnificem
778 2219 887 2262 novum
902 2205 1047 2270 exortum,
1059 2199 1112 2278 qui
1126 2203 1177 2260 out

176 2280 261 2359 mori,
274 2288 327 2342 aut
347 2278 459 2342 servire
475 2281 613 2361 jubeat„
674 2279 710 2340 Iu
731 2286 889 2353 exeuntem
910 2281 927 2338 ὲ
947 2279 1030 2340 curia
1050 2279 1175 2360 impetus

176 2359 435 2430 aecumaecui
455 2359 672 2442 peropportund
692 2359 803 2422 tribuni
823 2357 905 2420 diem
923 2356 1080 2420 dixissent.
1101 2391 1105 2396 .
1132 2357 1178 2418 lbi

178 2440 223 2501 ira
246 2445 293 2502 est
312 2457 490 2530 suppressa;
510 2450 544 2501 se
558 2439 694 2520 judicem
715 2438 854 2519 quisque,
873 2458 906 2500 se
924 2437 1079 2499 dominum
1107 2435 1176 2500 rius

177 2518 322 2599 necisque
333 2518 457 2590 inimici,
469 2518 584 2581 luctum
596 2518 727 2581 videbat.
767 2515 970 2600 contemptim
982 2517 1080 2606 prime
1093 2517 1181 2578 Maro

179 2599 243 2658 cius
256 2598 397 2660 audiebat
408 2599 505 2660 minas
517 2598 711 2660 tribuniciam
730 2597 844 2670 auxilii,
859 2617 920 2660 non
933 2615 1044 2682 poenae,
1058 2599 1112 2680 jus
1124 2597 1175 2657 da·

176 2682 241 2739 turn
267 2675 313 2738 illi
332 2678 493 2758 potestati3
524 2679 690 2760 plebisque,
709 2679 924 2750 non'l'atrum,
949 2678 1083 2742 uibunos
1102 2695 1176 2736 esee.

178 2757 241 2818 Sed
260 2756 337 2818 oded
355 2757 473 2821 infensa
492 2767 558 2820 erat
569 2765 671 2820 coorta
690 2757 784 2839 plebs,
804 2763 839 2820 ut
858 2757 948 2819 unius
968 2775 1059 2838 poena
1071 2755 1175 2818 delun-

216 2835 308 2897 udum
329 2845 411 2899 esset
432 2838 575 2900 Patribus.
624 2836 819 2906 Restiterunt,
834 2845 937 2899 umen
954 2837 1081 2914 adverse
1101 2835 1175 2918 inri-

201 2917 240 2987 ἐι,
252 2915 362 2996 usique
373 2922 453 2987 sunt,
471 2919 533 2998 qod
545 2918 609 2978 suis
627 2917 765 3000 quiaque,
785 2917 846 2999 qud
865 2917 958 2980 totius
977 2914 1089 2980 ordinis
1108 2913 1176 2977 riri·

178 2999 244 3059 bus.
285 2999 333 3057 Ac
347 2995 442 3076 primd
456 3002 571 3060 tentam
584 3017 633 3060 res
646 3006 703 3070 est,
714 2997 752 3068 si,
763 2997 811 3060 dis
851 2997 917 3062 sitis
930 2997 1103 3070 clientibus,
1112 2998 1176 3058 abs-

178 3076 320 3140 terrendo
340 3075 473 3215 sippulos
494 3076 513 3135 d
532 3077 709 3142 coitionibus
729 3078 810 3140 consi
823 3077 930 3158 iisque,
949 3075 1089 3158 disjicere
1117 3093 1176 3136 rem

179 3161 310 3238 possent
397 3155 509 3218 niversi
528 3156 639 3218 deinde
660 3175 840 3240 processere,
860 3153 1016 3238 (quicquid
1036 3161 1105 3224 emt
1122 3157 1177 3215 l'a-

179 3244 271 3306 trum,
293 3255 361 3298 reos
372 3235 502 3319 diceres)
522 3236 659 3316 precibus
679 3238 796 3318 plebem
815 3240 1029 3318 exposcentes;
1060 3245 1177 3302 uunuru

180 3316 237 3377 sibi
250 3316 363 3386 civem,
381 3333 475 3377 unum
494 3323 672 3386 senatorem,
692 3315 718 3376 si
735 3315 928 3380 innocentem
947 3315 1103 3376 absolvere
1116 3311 1178 3376 nol·

180 3397 257 3466 lent,
277 3400 337 3477 ‘pro
354 3396 482 3457 nocente
501 3393 684 3457 donarentfl
743 3396 757 3456 1
780 3417 812 3458 se
833 3415 924 3477 quum
945 3393 994 3455 die
1015 3395 1099 3458 dictis
1119 3411 1177 3453 non

182 3475 310 3547 adesset,
322 3481 545 3557 perseueratum
557 3477 589 3536 in
601 3475 647 3537 ira
661 3483 716 3538 eet.
756 3417 922 3538 llamnatus
935 3477 1043 3546 absens
1054 3475 1087 3536 in
1107 3473 1178 3533 Vol·

182 3576 250 3617 scos
262 3557 431 3617 exsulatum
451 3555 533 3627 abiit,
551 3556 695 3618 minitans
752 3557 828 3626 trice,
846 3555 1029 3636 hostilesque
1038 3559 1102 3635 jam
1117 3561 1178 3615 tum

182 3636 304 3716 spiritus
317 3654 433 3717 gerens.
472 3636 650 3698 Venientem
672 3637 717 3696 Vo
729 3638 776 3696 sci
794 3636 919 3716 benigne
946 3656 1109 3716 excepere3
1130 3637 1178 3694 be·

182 3716 361 3796 nignidsque
373 3712 406 3772 in
419 3714 484 3788 dies
497 3715 643 3783 colebant,
655 3736 717 3796 quo
729 3719 824 3796 maJor
838 3715 882 3776 ira
895 3715 927 3774 in
941 3735 1009 3776 suos
1015 3713 1180 3783 eminebat,

184 3798 356 3872 crebreque
369 3810 450 3857 runc
463 3795 607 3872 querelae,
618 3813 698 3856 nunc
709 3795 798 3860 minae
813 3793 1059 3877 percipiebantur.
1101 3793 1178 3854 llos·
