2634 4392
553 295 756 370 nnuma
862 311 864 319 ·
1095 299 1154 371 arr
1210 296 1212 301 '

153 449 498 533 sedldeaessstm'buniaias
511 465 544 526 in
558 469 664 528 urbere
682 466 814 537 revertit,
834 464 939 528 audlta
956 479 1015 530 rox
1037 470 1104 550 ejus
1121 469 1156 531 in

155 549 297 610 concione
319 544 429 608 stolida
449 565 484 605 ac
497 550 589 628 prope
607 565 732 618 recors3
750 553 813 625 qua
826 545 930 607 Sextio
948 546 1066 609 tribuno
1088 551 1155 629 ple-

153 627 198 691 bis
211 629 308 710 legem
329 624 472 719 agrariam
486 625 606 695 ferenti
623 626 725 695 simul,
745 626 837 686 Bolas
849 646 910 718 quo
918 645 978 706 que
997 635 1033 688 nt
1051 628 1155 691 mitte.

153 715 258 770 rentur
271 709 379 774 coloni,
404 705 534 766 laturum
549 727 582 766 se
596 705 720 778 dicenti,
743 705 849 788 dignos
862 725 943 766 ennn
954 725 1021 766 esse
1040 709 1093 788 qui
1105 730 1154 770 ar-

152 790 209 850 mis
234 787 394 870 cepissent,
425 805 525 846 eorum
558 787 662 847 urbem
688 805 852 867 agrumque
889 785 1037 846 Bolanum
1064 807 1153 859 esse;

151 881 170 908 ‘¹
179 869 300 930 Malum
313 865 435 945 quidem
449 864 592 927 militibus
604 865 713 935 meis,’'
736 865 863 946 inquit,“
871 864 932 925 uisi
944 865 1114 944 quieverint
1121 871 1154 939 3²⁹

151 948 233 1028 quod
252 946 389 1010 auditum
402 963 462 1004 non
476 945 649 1010 concionem
662 945 766 1026 magis,
786 945 877 1025 qualm
891 965 960 1006 mox
973 947 1088 1017 Patres,
1107 949 1155 1008 of·

150 1029 268 1097 lendin
289 1035 321 1086 et
335 1025 471 1086 tribunus
488 1025 593 1104 plebis,
620 1025 667 1085 vir
678 1045 749 1085 acer
770 1044 827 1085 nec
841 1025 1032 1094 infacundus,
1046 1035 1153 1090 nactus

149 1108 231 1170 inter
244 1105 430 1168 adversarios
444 1107 603 1185 superbum
623 1103 775 1186 ingenium
794 1103 1040 1184 immodicamque
1054 1105 1154 1187 lingu-

149 1207 210 1258 am,
236 1205 326 1282 quam
349 1184 495 1245 irritando
518 1185 719 1266 agitandoque
732 1185 764 1244 in
787 1204 838 1244 eas
861 1184 1031 1264 impelleret
1054 1206 1159 1255 vocess

148 1287 220 1346 que
245 1265 379 1335 mvidiae,
400 1283 459 1326 non
482 1263 541 1346 ipsi
555 1264 684 1334 tanturn,
710 1264 765 1325 sed
778 1283 879 1325 causa
910 1270 1001 1343 atque
1014 1264 1158 1328 universo

147 1346 250 1406 ordini
263 1351 373 1413 essem,
393 1343 542 1404 nerninem
556 1363 594 1404 ex
607 1342 734 1424 collegio
747 1341 930 1403 tribunorum
952 1342 1081 1405 militum
1095 1365 1154 1406 sae-

146 1427 231 1506 pius,
251 1425 341 1502 quzlm
356 1423 550 1490 Postumium,
572 1423 603 1480 in
617 1423 865 1502 disceptationem
887 1421 1032 1483 trahebat.
1072 1425 1155 1496 Tum

146 1505 224 1563 verb
238 1503 419 1562 'secundum
445 1507 508 1562 tam
542 1521 657 1564 serum
687 1511 779 1580 atque
803 1502 1001 1563 inhumanum·
1027 1502 1155 1576 dictura

148 1595 167 1623 ‘·
181 1582 339 1650 Auditis,’'
353 1580 460 1660 inquit,
479 1593 498 1618 “
509 1579 650 1654 Quirites,
664 1580 743 1660 sicut
756 1581 852 1641 serris
863 1583 976 1642 undum
989 1582 1153 1648 minantem

147 1661 318 1722 militibus?
339 1667 440 1720 tamen
452 1661 518 1720 haec
531 1659 632 1719 bellua
651 1659 768 1740 dignior
780 1660 961 1721 nobistant'o
983 1662 1094 1724 honore
1106 1665 1153 1724 vi-

147 1741 281 1810 debitur,
302 1740 392 1819 qurlm
413 1739 466 1820 qui
485 1757 548 1806 vos,
569 1740 642 1798 urbe
663 1738 802 1820 agrisque
814 1739 949 1809 donatos,
972 1739 1005 1799 in
1021 1743 1153 1805 colonias

145 1821 296 1890 mittunt3
317 1818 378 1898 quir
391 1819 493 1879 sedem
507 1817 656 1878 senectuti
682 1824 791 1878 vestrae
806 1817 1012 1898 prospiciunt;
1031 1823 1086 1901 qui
1098 1844 1153 1904 pro

146 1900 259 1962 vestris
273 1897 436 1958 commodis
449 1897 592 1958 adversus
605 1903 667 1958 tam
682 1897 820 1960 crudeles
831 1900 1033 1988 superbosque
1045 1903 1152 1964 adrer-

148 1979 245 2040 sarius
269 1979 452 2060 depugnant.
492 1976 621 2057 lucipite
648 1975 758 2036 deinde
778 1977 887 2045 mirari,
914 1997 968 2036 cur
981 1981 1069 2060 pauci
1086 1984 1150 2062 jara

144 2065 280 2118 vestram
294 2057 459 2136 suscipiant
471 2075 591 2116 cauam
607 2075 616 2126 3
637 2055 710 2134 quid
736 2062 774 2115 ut
792 2056 914 2117 duobis
938 2061 1078 2138 sperent?
1112 2083 1151 2123 au

144 2138 287 2206 honores,
300 2155 374 2216 quos
395 2134 574 2196 adversariis
594 2135 707 2195 vestris
726 2134 844 2214 potius.
858 2138 950 2214 quarn
1002 2139 1065 2218 poli
1088 2142 1151 2202 Ro-

145 2216 233 2276 mani
296 2214 533 2297 opugnatoribus,
554 2213 869 2294 datist-lngemuistis
890 2216 987 2286 modo,
1000 2236 1075 2280 voce
1094 2220 1150 2281 hu·

141 2298 248 2376 jussu
272 2295 419 2374 ilatqu'id
443 2293 476 2354 id
489 2293 602 2356 referti
617 2295 691 2374 jam,
705 2295 732 2351 si
750 2294 824 2353 sull'r
863 2293 923 2355 'um
944 2294 1043 2366 detur,
1062 2299 1151 2372 bunc,

145 2375 201 2454 qui
216 2375 326 2436 malum
341 2372 423 2435 vobis
433 2374 572 2442 minatur,
586 2371 633 2442 iis,
644 2372 696 2453 qui
708 2393 793 2455 egros
803 2393 837 2434 se
860 2393 952 2452 esque
963 2394 1002 2434 ac
1014 2375 1150 2442 fortunas

145 2455 282 2516 stabilire
295 2454 410 2524 volunt,
423 2451 623 2534 praeferetis.”
670 2487 674 2492 ‚

189 2535 228 2593 L.
248 2535 369 2596 Perlata
380 2534 448 2593 haec
469 2549 527 2592 vox
541 2532 687 2592 Postumii
701 2533 738 2592 ad
753 2532 863 2593 milites
884 2535 979 2594 molto
998 2535 1151 2602 incastris

145 2615 293 2694 majorem
311 2613 546 2694 indignationem
570 2611 674 2671 movit.
713 2612 898 2674 “Praedeene
917 2613 1148 2697 interceptorem

146 2692 412 2771 fraudatoremque
435 2690 524 2752 etiarn
544 2690 655 2752 malum
678 2689 786 2750 minari
805 2691 949 2754 militibus
960 2695 997 2752 l'’
1043 2698 1151 2778 ltaque

145 2792 243 2852 quum
268 2773 409 2832 fremitus·
419 2773 521 2850 aperte
545 2790 620 2840 esse,
642 2775 820 2852 etquaestor
847 2771 880 2830 Ρ.
904 2774 1021 2835 Sestius
1043 2778 1148 2840 eadem
1221 2824 1222 2841 2

143 2850 291 2914 violentia
305 2851 439 2910 coerceri
455 2856 576 2928 putaret
588 2849 764 2910 seditionem
778 2871 875 2930 posse,
897 2853 958 2930 que
970 2861 1050 2915 mola
1063 2867 1148 2930 eratr
1221 2868 1222 2929 ζ

145 2931 242 2992 misso
255 2928 294 2988 ad
307 2927 522 2987 vociferantem
535 2929 686 3005 quendam
699 2930 824 2988 militem
838 2930 952 2999 lictore,
972 2953 1062 3012 quum
1076 2935 1148 2998 inde
1221 2970 1222 3027 q

144 3011 300 3070 clamoret
308 3006 441 3088 jurgium
460 3005 595 3073 oriretur,
620 3023 693 3066 saxo
706 3007 785 3067 ictus
799 3010 886 3068 turba
906 3011 1044 3082 excedit3
1064 3015 1148 3076 insu·

145 3109 203 3170 per
215 3088 401 3168 increpante,
418 3084 469 3162 qui
481 3085 700 3154 vulneraverat,
713 3086 843 3147 “habere
857 3098 1046 3166 quaestorem,
1066 3097 1148 3173 quod

145 3171 309 3247 imperator
322 3173 403 3226 esset
413 3164 555 3226 militibus
566 3165 730 3225 minatus.'’
769 3167 818 3224 Ad
830 3166 909 3225 hunc
921 3170 1083 3232 tumultum
1096 3197 1147 3237 ao·
1220 3198 1221 3215 2

147 3247 230 3306 citus
243 3245 413 3306 Postumius
427 3244 575 3336 asperiora
589 3242 688 3304 omnia
700 3245 774 3304 fecit
794 3246 908 3305 acerbis
921 3249 1147 3330 quaestionibus,

148 3325 321 3388 crudelibus
346 3324 520 3405 suppliciis3
552 3325 704 3405 postremo
716 3345 809 3404 quum
823 3325 941 3384 modum
955 3327 1008 3388 iroe
1029 3335 1146 3399 nullum

147 3407 272 3473 faceret,
283 3405 325 3466 ad
334 3403 575 3466 vociferationem
589 3424 702 3474 eorum,
723 3422 798 3484 quos
811 3405 910 3465 necari
921 3409 977 3466 sub
989 3418 1071 3472 crete
1079 3419 1147 3496 jug.

148 3490 239 3553 serat,
253 3501 398 3546 concursu
418 3485 507 3552 facto,
533 3484 597 3564 ipse
611 3485 648 3543 ad
666 3483 893 3565 interpellantes
906 3506 1027 3566 poenam
1041 3511 1147 3560 vecors
1219 3485 1220 3545 Ῑ

149 3567 186 3626 de
201 3564 342 3625 tribunali
353 3564 495 3624 decurrit.
534 3563 580 3622 lbi
601 3583 693 3642 quum
714 3569 922 3626 submoventes
935 3568 1044 3645 passim
1059 3575 1146 3639 licto.

148 3665 196 3706 res
209 3646 459 3723 centurionesque
472 3651 616 3704 vexarent
636 3647 762 3711 turbam,
788 3647 825 3704 eb
848 3644 1013 3726 indignatio
1038 3659 1146 3737 erupit,
1219 3674 1220 3719 l

148 3733 183 3784 ut
196 3725 334 3784 tribunus
347 3723 473 3784 rnilitum
495 3726 532 3782 ab
544 3723 678 3784 exercitu
700 3741 753 3783 suo
766 3723 913 3804 lapidibus
934 3732 1145 3808 cooperiretur.

148 3803 232 3877 Quod
258 3810 317 3864 tam
332 3808 416 3863 atrox
441 3802 558 3876 facinus
581 3811 738 3883 postquam
752 3814 799 3864 est
812 3806 937 3864 Romam
959 3811 1143 3895 nunciatum,

147 3882 272 3952 tribunis
285 3883 413 3944 militum
427 3883 465 3944 de
489 3889 595 3944 morte
608 3881 729 3964 collegae
744 3903 797 3964 per
811 3890 947 3946 senatum
961 3895 1143 3966 quaestiones
