2634 4392
534 363 665 474 nunna
678 354 733 460 ur.
1073 382 1132 463 aar

134 561 271 626 prensare
283 539 428 622 homines,
453 547 486 603 et
506 562 683 606 concursare
703 543 844 620 totototo
864 543 1017 615 candidati
1032 564 1131 627 eoepe-
1217 526 1220 585 i

135 645 164 684 re
178 645 186 695 3
208 635 242 684 ut
256 624 398 706 patricios
411 622 580 705 desperatio
591 645 697 705 primo,
718 632 833 685 irritata
846 624 941 704 pleae,
962 624 1131 707 adipiscen-

137 695 170 762 di
185 705 313 774 bononis,
327 704 435 767 deinde
448 701 623 784 indignatio,
641 704 673 764 *si
687 725 753 765 cum
767 704 816 767 his
827 705 975 786 gerendus
986 714 1065 766 esset
1077 703 1131 770 ho·

133 800 191 854 nos,
216 785 385 864 deterreret
395 804 406 855 ;
425 785 575 864 postremi
592 783 692 856 eoacti
709 788 840 846 amena
864 784 1039 865 primoribus
1053 786 1131 867 peti-
1218 798 1219 815 ³

132 883 187 933 ere,
212 883 254 924 ne
273 865 400 926 cessisse
413 854 785 945 possessionereipublioae
801 863 1003 944 viderentur,
1030 867 1131 926 Even-

131 949 176 1004 tus
196 965 300 1006 eurum
315 944 501 1008 comitiorum
521 944 632 1014 docuit,
654 944 729 1004 alios
749 944 863 1005 animos
886 943 918 1005 iu
939 947 1131 1020 contentione
1218 942 1219 977 ³

130 1021 276 1086 libertatis
288 1024 511 1106 dignitatisque,
533 1023 617 1093 alios,
630 1024 796 1085 secundum
810 1022 944 1106 deposita
958 1025 1132 1097 certamina.

131 1103 302 1186 incorrupto
310 1105 427 1186 judicio
441 1125 507 1172 esse
521 1125 530 1174 a
550 1105 685 1166 tribunos
698 1105 777 1164 euim
791 1104 1047 1244 omuespatrieios
1066 1114 1131 1167 cie·

130 1184 188 1244 avit
201 1206 241 1266 po
263 1185 340 1256 ulus,
354 1189 513 1246 contentus
535 1205 579 1254 eo,
593 1184 674 1266 qubd
688 1185 764 1246 ratio
773 1186 874 1246 habita
885 1207 907 1266 p
920 1205 936 1249 e

130 1271 181 1324 set.
257 1285 314 1328 sno
335 1263 510 1326 modestiam
526 1265 760 1344 aequitatemque
783 1272 815 1326 et
828 1265 1018 1327 altitudinem
1039 1264 1131 1326 animi
1218 1280 1219 1323 1

128 1343 175 1404 ubi
190 1363 273 1405 nunc
286 1345 317 1406 iu
328 1365 388 1409 une
402 1345 563 1414 inueneris,
576 1365 645 1425 quae
661 1352 725 1405 tum
737 1345 845 1427 populi.
853 1345 983 1406 universi
999 1345 1080 1405 fuiti
1218 1360 1219 1375 ¹

166 1425 244 1483 vll.
267 1432 353 1484 anuo
375 1425 585 1484 trecentesimo
599 1425 726 1495 decimo,
751 1426 844 1506 qutun
864 1429 934 1486 urbs
949 1427 1045 1486 Roma
1058 1445 1130 1487 con-

127 1502 190 1563 dita
204 1509 279 1571 erat,
292 1503 417 1584 primum
433 1502 542 1564 tribuni
566 1503 695 1565 rnilitum
715 1524 767 1584 pro
787 1506 959 1581 consulibus
973 1504 1142 1586 magistra·⁸

127 1587 191 1642 tum
206 1582 328 1653 ineunt,
335 1585 372 1644 A.
385 1583 578 1664 Sempronius
592 1584 771 1653 Atratinus,
785 1585 822 1644 L.
834 1585 956 1655 Atilius,
975 1587 1015 1644 Τ.
1029 1586 1130 1647 Caeci-

128 1661 204 1735 lius3
226 1667 352 1742 quorum
375 1665 407 1728 iu
431 1663 605 1744 magistratu
630 1663 800 1724 concordia*
814 1665 891 1724 domi
914 1685 1017 1746 pacem
1039 1666 1130 1729 etiam
1218 1722 1219 1725 ,

128 1741 199 1803 loris
227 1743 365 1823 praebuit.
426 1743 513 1812 Sunt,
547 1739 599 1821 qui
631 1750 763 1823 propter
777 1743 928 1824 adjectum
965 1749 1130 1825 AEquorura

127 1821 365 1901 Volscorumque
388 1821 466 1882 bello
478 1827 522 1883 vet
543 1823 721 1884 Ardeatium
742 1823 905 1882 defectioni
932 1824 1044 1903 Vejeus
1063 1827 1129 1886 bel·

127 1900 198 1973 lum,
220 1903 291 1982 quia
304 1903 363 1964 duo
378 1902 515 1962 consules
529 1905 609 1964 obire
622 1909 669 1963 tot
681 1903 770 1964 simul
783 1903 862 1965 bella
883 1904 1051 1985 nequirent,
1074 1905 1129 1966 tri-
1153 1977 1156 1982 Ι

126 1983 221 2044 bunos
234 1983 363 2046 militum
377 1989 439 2044 tres
454 1989 569 2055 creatos
584 1983 696 2054 dicant,
710 1985 775 2044 sine
789 1983 939 2045 mentione
959 1986 1129 2078 promulga-

125 2067 165 2122 tae
191 2063 269 2142 legis
292 2063 331 2123 de
352 2063 521 2124 consulibus
536 2064 674 2124 creandis
687 2085 725 2124 cx
740 2065 836 2145 plebe,
858 2074 888 2126 et
900 2064 1024 2146 imperio
1037 2075 1069 2126 et
1081 2087 1129 2127 m·

126 2141 262 2222 signibus
283 2142 487 2206 consularibus
510 2161 589 2202 usos.
628 2143 699 2202 Non
721 2151 823 2204 tamen
845 2164 898 2224 pro
925 2146 1043 2206 firmato
1063 2146 1130 2225 jan

126 2221 213 2282 stetit
228 2219 418 2302 magistratus
442 2223 588 2300 ejus-jus3
609 2220 680 2360 quia
702 2221 791 2282 tertio
815 2243 927 2292 mense,
950 2227 1040 2303 quIm
1053 2225 1129 2286 inie-
1218 2252 1219 2255 ¹

126 2308 207 2369 runt,
219 2320 363 2381 augurum
378 2301 510 2370 decreto,
529 2301 610 2380 penio
634 2321 651 2361 e
665 2321 701 2360 ae
716 2300 788 2361 vitio
800 2303 912 2371 creati,
926 2303 1035 2364 honore
1048 2304 1129 2368 abies

126 2399 157 2442 re
172 2403 181 2453 3
203 2381 283 2460 quld
297 2382 336 2441 C.
351 2381 484 2450 Curtius,
504 2379 557 2476 qui
571 2380 699 2441 comitiis
713 2401 815 2442 eorum
828 2383 1131 2465 praefuerat-parum
1218 2386 1219 2389 ’

126 2465 205 2522 recte
220 2460 598 2541 tabernaculumceprsset.
639 2461 748 2543 Legati
768 2466 804 2522 ab
818 2462 921 2524 Ardea
937 2464 1062 2526 Romam
1076 2485 1128 2526 ve·

125 2549 244 2611 nerunt,
265 2542 309 2600 ita
322 2541 360 2602 de
374 2540 483 2622 injuria
496 2548 667 2620 querentes
681 2553 724 2613 ut,
738 2543 767 2602 si
774 2541 945 2602 demeretur
955 2565 1001 2614 ea,
1023 2543 1056 2604 in
1070 2544 1129 2608 foa·

128 2621 196 2682 dere
224 2627 315 2700 atque
333 2621 473 2693 ,amicitia
500 2641 664 2691 mansuros,
691 2622 835 2683 restituto
853 2644 933 2704 agro,
960 2631 1128 2704 appareret

130 2703 173 2761 Ab
194 2711 301 2762 senatu
316 2719 489 2784 responsum
506 2709 561 2770 est,
586 2701 759 2782 “judicium
772 2703 873 2783 populi
885 2703 1014 2771 rescindi
1028 2704 1065 2779 ab
1078 2724 1128 2765 se·
1218 2706 1219 2717 ¹

130 2793 197 2842 natu
221 2802 280 2842 non
295 2799 399 2861 posse,
410 2789 608 2861 praeterquam
619 2821 621 2829 ι
632 2777 715 2862 (ιύῗά
738 2783 822 2842 nullo
845 2803 902 2844 nec
914 2785 1050 2865 exemplo
1069 2803 1128 2846 nee

125 2859 188 2938 jure
214 2861 309 2928 fieret,
334 2861 500 2921 concordia
523 2863 614 2922 etiam
638 2861 777 2921 ordinum
788 2870 890 2924 causi.
930 2865 963 2924 Sa
977 2864 1128 2935 Ardeates

129 2959 179 3000 sua
191 2943 328 3022 tempora
349 2947 507 3018 expectare
526 2941 630 3010 velint,
652 2940 863 3021 arbitriumque
884 2944 1002 3004 senatui
1021 2942 1127 3005 levan-

128 3019 169 3080 dae
192 3019 306 3102 injuriae
329 3039 392 3078 sure
414 3018 595 3099 permittant,
628 3019 701 3089 fore,
727 3030 761 3079 ut
787 3022 943 3102 postmodo
974 3022 1127 3104 gaudeant

936 1185 1069 1245 beiorum
1083 1206 1141 1245 ers-1
1217 1218 1220 1253 7

128 3117 157 3160 sa
178 3101 231 3161 irae
254 3101 445 3170 moderatos;
467 3097 632 3177 sciantque,
656 3099 792 3161 Patribus
816 3103 900 3178 aque
922 3122 1002 3162 curse
1024 3102 1127 3172 fuisse,
1218 3112 1219 3153 f

127 3196 162 3240 ae
183 3199 244 3259 qua
264 3180 372 3262 injuria
392 3179 423 3238 in
445 3198 494 3238 eos
517 3179 652 3249 oriretur,
680 3197 715 3238 ac
730 3199 768 3238 ne
782 3186 847 3239 orta
859 3180 1000 3256 diuturna
1014 3183 1125 3243 esset.”
1218 3242 1219 3245 ,

127 3256 173 3318 lta
187 3261 287 3340 legati,
300 3255 392 3342 quum
406 3279 438 3320 se
454 3281 514 3322 rem
529 3259 675 3341 integram
696 3260 840 3320 relaturos
853 3259 1010 3341 dixissent,
1034 3261 1134 3324 cornia
1186 3331 1194 3336 g

127 3344 171 3400 ter
184 3339 308 3401 dimissi.
349 3340 482 3410 Patricii,
496 3359 588 3419 quum
602 3341 667 3400 sine
681 3339 778 3400 oirrul'i
793 3339 963 3421 magistratu
979 3340 1125 3423 respubli-
1218 3340 1219 3397 l

129 3439 161 3478 ca
174 3429 263 3491 esset,
277 3421 383 3490 coiere,
407 3428 438 3480 et
450 3420 628 3500 interregem
650 3439 810 3489 creavere3
831 3421 992 3492 eontentio,
1016 3440 1124 3483 cousu-

128 3497 218 3570 lesne,
232 3519 270 3560 ao
283 3499 395 3562 tribuni
410 3498 536 3560 militum
552 3508 734 3569 crearentur,
754 3500 784 3558 in
799 3498 969 3582 interregno
982 3523 1045 3564 rem
1058 3503 1124 3562 dies
1218 3554 1219 3559 ,

128 3580 290 3659 complures
310 3579 416 3656 tenuit.
458 3579 594 3652 luterrex
613 3601 647 3641 ac
663 3587 793 3648 senatus,
808 3582 966 3640 consulum
977 3582 1121 3654 comitia3

128 3659 349 3742 tribuniplebis
373 3668 404 3722 et
417 3660 510 3742 plebs,
534 3659 718 3722 tribunorum
743 3661 870 3722 militum
895 3670 929 3721 ut
951 3663 1123 3733 habeantur,

128 3741 261 3802 tendunt.
302 3739 447 3800 Vicerunt
465 3741 575 3808 Patres,
586 3741 657 3818 quia
678 3745 709 3799 et
723 3740 816 3820 plebs,
829 3740 962 3820 patriciis
977 3762 1028 3800 seu
1042 3741 1120 3802 hunc

128 3836 176 3876 seu
191 3819 276 3880 illum
289 3820 425 3880 delatura
438 3819 588 3889 honorem,
614 3818 726 3880 frustra
746 3829 860 3880 certare
878 3822 1068 3900 supersedit3
1087 3825 1121 3882 et

128 3898 273 3979 principes
287 3900 380 3982 plebis
393 3919 428 3961 eo
442 3900 562 3960 comitia
581 3899 739 3965 malebant,
763 3902 870 3976 quibus
891 3921 950 3961 non
963 3901 1122 3962 haberetur

129 3977 202 4056 ratio¹
223 3981 278 4054 sui,
302 3982 393 4078 quim
417 3982 524 4069 quibus
545 3987 580 4044 ut
604 3978 720 4065 indigni
741 3980 990 4067 praeterirenturp
1008 3976 1122 4052 tribuni

1062 4115 1076 4146 Ι
