2634 4392
166 351 225 408 sos
337 359 345 396 ε
582 325 622 410 Τ.
635 349 744 413 ιΝῐι

167 508 240 579 filio,
260 515 295 570 ut
307 507 417 571 milites
437 505 589 580 scriberet,
601 516 633 572 et
646 531 729 572 arma
759 515 867 572 araret.
906 507 973 571 Nec
982 509 1080 574 falsus
1090 515 1173 570 vetes

168 587 227 650 tuit
239 610 249 660 3
269 609 338 650 nam
351 589 446 650 ductu
460 589 497 650 u
513 589 617 671 Sergii,
631 529 804 670 cujusdies
824 589 942 670 imperil
956 593 1030 660 erat,
1040 590 1109 651 loco
1120 589 1175 649 ini·

168 689 227 748 quo
240 671 295 728 sub
308 669 440 732 hostiurn
461 669 577 739 castris,
600 689 703 752 quum,
716 670 789 750 quia
801 669 942 730 simulato
955 677 1038 730 metu
1052 689 1173 750 recepe·

167 754 216 808 rat
226 769 259 810 se
272 749 365 812 hostis
380 750 418 810 sd
432 749 579 820 relicuus
600 769 633 810 es
647 770 725 810 vans
735 750 927 831 expugnandi
936 757 1035 811 castra
1047 751 1173 810 ebtrsx·

165 827 252 898 isset,
265 830 423 909 repentino
435 829 548 910 impetu
606 849 732 908 quorum
757 850 812 910 per
831 829 969 910 supinam
982 830 1096 890 vallem
1115 829 1173 890 fusi

169 916 249 979 sunt,
270 909 417 989 multique
431 907 565 969 inruina
577 911 689 990 majore
703 909 794 990 quaim
817 908 889 991 fuga
902 909 1036 991 oppressi
1049 912 1173 969 obtrun-

169 988 315 1068 cstiquez
336 995 505 1068 castraque,
529 1009 565 1049 eo
578 988 629 1048 die
643 991 723 1070 segre
735 994 863 1058 retenta,
886 999 1005 1069 postero
1027 989 1089 1058 die,
1117 990 1171 1048 cir·

169 1069 316 1132 cumfusis
323 1070 390 1161 jam
404 1089 512 1149 magna
536 1088 574 1128 ex
588 1075 673 1149 parte
686 1068 828 1139 hostibus,
841 1089 896 1150 per
909 1089 1046 1130 aversum
1061 1075 1173 1149 portam

165 1146 238 1230 lugat
250 1155 285 1222 tu
322 1169 332 1207 1
345 1149 526 1211 deseruntur
534 1168 544 1221 3
568 1149 662 1208 duces
675 1148 841 1230 legatique,
851 1153 884 1208 et
900 1149 980 1228 quod
996 1148 1078 1208 circs
1091 1148 1174 1230 signa

166 1229 278 1290 ruboris
313 1229 479 1289 sexercitu
492 1227 560 1299 fuit,
580 1229 748 1288 Tusculum
761 1229 890 1308 petiere.
940 1228 1041 1289 Palati
1055 1228 1107 1288 alii
1119 1249 1170 1310 per

166 1327 184 1370 a
220 1328 253 1368 os
265 1307 376 1389 passim
389 1308 493 1368 multis
507 1307 675 1374 itineribus,
697 1308 829 1386 majoris,
850 1308 941 1386 quim
961 1314 1086 1388 accepta
1099 1314 1170 1377 erat,

167 1409 184 1448 c
198 1387 262 1448 adis
273 1387 376 1449 nuncii
385 1389 510 1450 Romam
520 1387 753 1448 contenderunt.
767 1386 872 1448 Minus
886 1388 1095 1469 trepidationis
1106 1387 1170 1456 fuit,

168 1465 252 1547 qudd
275 1472 409 1528 eventus·
426 1465 525 1527 timori
547 1465 700 1527 hominum
716 1463 882 1548 congruens
901 1466 1027 1540 fuerat3
1047 1475 1079 1527 et
1090 1468 1171 1546 quod

167 1547 309 1616 subsidia,
323 1565 392 1638 quse
408 1545 593 1627 respicerent
605 1545 637 1606 in
650 1567 684 1606 re
697 1547 824 1627 trepida,
847 1553 1018 1628 praeparats
1030 1554 1116 1606 erant
1134 1549 1171 1606 ab

165 1626 286 1688 tribuno
300 1625 429 1688 militurn
444 1645 453 1685 r
469 1629 618 1708 jussuque
632 1625 777 1706 ejusdem,
806 1645 860 1706 per
872 1627 1004 1690 minores
1015 1625 1172 1718 magistra·
1229 1688 1230 1703 p

165 1713 216 1769 tus
230 1706 335 1767 sedsto
345 1707 378 1768 in
391 1708 465 1768 urbe
475 1706 617 1779 tumultu,
631 1707 835 1786 speculatores
848 1707 975 1788 propere
999 1706 1080 1768 missi
1089 1725 1171 1766 nun·
1229 1726 1231 1789 J

166 1786 294 1858 cievere,
318 1783 450 1847 Tusculi
471 1785 566 1848 duces
581 1785 806 1867 exercitumque
826 1805 915 1857 esse3
938 1785 1054 1847 hostem
1076 1793 1171 1848 castra

167 1866 235 1928 loco
257 1885 319 1926 nun
331 1866 462 1926 movisse
474 1884 484 1934 3
505 1871 545 1934 et,
559 1865 639 1942 quod
656 1864 817 1944 plurimum
831 1864 995 1928 animorum
1008 1865 1095 1935 fecit,
1109 1865 1170 1927 dic·
1228 1834 1230 1985 4

166 1951 247 2006 tutor
271 1965 309 2005 ex
331 1944 593 2006 senatusconsulto
614 1942 715 2002 dictus
739 1944 775 2019 Q.
790 1945 936 2005 Servilius
950 1945 1098 2016 Priscus3
1117 1944 1167 2014 vir,
1229 1990 1230 1997 ,

166 2026 253 2106 cujus
266 2023 485 2105 providentiam
508 2021 540 2082 in
553 2019 716 2102 republica,
730 2043 824 2108 quum
835 2024 938 2084 multis
959 2024 1026 2086 eliis
1038 2031 1165 2106 tempes-
1229 2004 1231 2035 ³

87 2159 88 2162 ,
166 2105 279 2166 tatibus
293 2104 363 2164 ante
377 2109 501 2184 experta
514 2101 620 2162 civitas
635 2107 709 2171 erat,
721 2107 787 2165 tum
798 2111 907 2164 eventu
919 2106 984 2184 ejus
995 2104 1080 2174 belli,
1091 2102 1162 2183 quid
1229 2106 1231 2167 l

166 2185 220 2246 uni
244 2189 398 2246 certamen
412 2181 594 2244 tribunorum
610 2186 786 2262 suspectum
806 2189 876 2244 ante
889 2203 954 2242 rem
964 2184 1045 2244 ‘malie
1057 2190 1162 2265 gestan

166 2265 291 2334 luerat3
311 2263 453 2346 magistro
477 2262 611 2342 equitum
625 2268 738 2333 creato,
756 2264 781 2340 ‚a
801 2261 938 2342 quoipss
951 2263 1072 2325 tribuno
1092 2263 1163 2322 mili·
1228 2308 1229 2325 ,

169 2352 235 2410 tum
262 2344 393 2405 dictetur
416 2349 481 2404 erat
504 2343 614 2410 dictus,
638 2341 785 2412 filiosuo,
808 2347 843 2402 ut
865 2342 1020 2404 tradidere
1044 2341 1166 2425 quidun,
1228 2364 1229 2403 r

170 2427 253 2508 (num
267 2425 318 2486 alii
332 2423 461 2484 Ahalam
476 2421 678 2481 Serviliumm
719 2422 824 2482 'etnim
838 2421 975 2500 equitum
989 2420 1165 2483 eounnufu-
1228 2454 1230 2465 =

170 2507 231 2568 isse
246 2502 393 2582 scribunt)
408 2521 485 2563 novo
496 2499 628 2568 exercitu
643 2442 796 2582 milicem
810 2501 849 2560 ad
862 2501 986 2572 bellum,
1007 2501 1111 2563 accitis
1121 2500 1168 2592 qui
1228 2471 1230 2573 l

172 2584 304 2647 Tusculi
324 2585 418 2651 erant,
445 2581 505 2641 duc
525 2577 621 2642 millia
644 2599 788 2662 passuum
807 2582 844 2642 ab
855 2580 941 2641 hoste
954 2580 1056 2642 locum
1069 2587 1169 2642 custus

184 2679 186 2686 ·
229 2665 263 2724 it.
993 2685 998 2697 ·

171 2686 342 2802 ιθςΗΝΙΙ.
362 2740 539 2802 Transierat
552 2757 632 2800 exre
646 2742 723 2800 bene
732 2745 818 2822 gesta
827 2740 967 2822 supernis
978 2741 1169 2836 negligentia·

169 2843 229 2904 que
242 2822 281 2883 sd
294 2823 424 2913 AEquos
450 2839 519 2898 quse
539 2819 571 2878 in
594 2818 739 2880 Romanis
759 2819 885 2882 ducibus
907 2821 1030 2894 fuerst3
1071 2828 1166 2901 itaque
1227 2842 1229 2899 j

166 2903 265 2988 primo
288 2907 390 2961 statum
410 2899 514 2980 proelic
533 2897 627 2980 quu‘m
641 2898 769 2962 dictator
789 2899 925 2980 equitatu
945 2900 1169 2977 immissonute·
1227 2906 1229 2913 '

162 2983 311 3066 signanus
323 2980 454 3042 hostium
467 2983 628 3048 turbasset,
641 2979 793 3060 legionum
806 2979 882 3041 inde'
891 2980 977 3061 signe
987 2981 1093 3042 inferri
1106 3001 1170 3074 pro·

193 3067 242 3126 ere
251 3062 353 3145 jussit,
368 3059 602 3152 signiferumque
616 3080 654 3119 ex
667 3058 729 3121 suis
742 3079 835 3134 unum
847 3059 1043 3122 'cunctantem
1054 3059 1172 3121 occidit.

86 3147 89 3162 ’
170 3087 293 3206 Tantus
307 3141 396 3204 ardor
420 3141 460 3202 ad
483 3139 688 3200 dimicandum
699 3139 767 3210 tuit.
790 3146 826 3201 ut
838 3140 983 3221 impetum
996 3140 1096 3220 AEqui
1113 3158 1172 3200 non
1226 3174 1227 3221 p

122 3239 125 3244 ·
172 3223 317 3284 tulerint:
337 3221 470 3299 victique
494 3219 558 3278 acie
571 3239 666 3298 quum
685 3219 758 3310 fugat
779 3219 874 3279 effuse
893 3225 1047 3300 petissent
1067 3225 1173 3288 castra,

172 3302 289 3366 breuior¹
312 3307 445 3382 tempore
470 3304 501 3358 et
515 3298 679 3358 certamine
692 3316 788 3360 mrncr
809 3303 974 3360 castrorum
994 3299 1174 3382 'oppugnatio

172 3381 241 3451 fuit,
268 3381 360 3460 quim
385 3377 526 3462 proelium
550 3376 659 3438 fueret
720 3377 825 3459 Captis
847 3377 1033 3461 direptisque
1061 3379 1175 3446 castris,

175 3481 269 3544 quum
292 3459 427 3542 praedsm
439 3459 567 3520 dictator
580 3457 671 3520 militi
691 3457 899 3528 concessisset,
921 3458 1077 3540 secutique
1098 3457 1175 3540 lugi·
1225 3472 1226 3481 ¹

174 3550 276 3604 entem
290 3559 328 3602 ex
342 3539 448 3600 castris
461 3539 576 3600 hostem
589 3537 709 3617 equites
731 3537 968 3608 renunciassent,
988 3558 1095 3600 omnes
1117 3539 1174 3598 Ls-

175 3624 299 3683 vicanos
312 3617 418 3686 victos,
443 3637 579 3699 magnam
592 3623 710 3697 partem
735 3619 904 3697 AEqucrum
918 3617 1049 3679 Lavicm
1069 3616 1175 3686 confu-

177 3702 256 3784 gisse
271 3718 281 3770 3
300 3702 420 3778 postero
447 3695 546 3755 dread
562 3692 692 3756 Lavicos
705 3695 814 3756 ductus
827 3696 998 3758 exercitus:
1019 3697 1176 3776 oppidum·
1225 3686 1227 3795 l

86 3821 89 3828 ·
177 3801 245 3858 que,
272 3794 382 3846 corcus
402 3772 627 3842 circumdatum,
654 3773 744 3834 scalis
765 3781 884 3854 captum
904 3795 939 3836 uc
954 3775 1107 3855 direptum
1123 3781 1175 3836 est.

177 3858 324 3923 Dictator,
338 3854 470 3918 exercitu
483 3852 596 3913 victore
609 3853 735 3915 Romam
748 3853 882 3922 reducto,
896 3853 945 3914 die
958 3855 1175 3933 ceteroquin

180 3939 298 3996 creatus
313 3938 388 4001 emt,
401 3931 573 4019 magistratu
588 3949 621 3994 se
634 3933 786 3997 abdicarit
798 3951 809 4003 3
819 3938 860 4003 et,
869 3934 1034 4037 opportune
1044 3941 1178 4024 senatus,

86 4167 128 4194 ιι
239 4154 242 4164 “
1224 4140 1226 4199 l
