2634 4392
533 335 664 397 moun
683 335 721 394 V.
1094 335 1171 391 228'

144 507 236 562 teres
249 499 333 559 suere
347 501 452 558 contra
463 498 513 578 jus
527 496 662 577 gentium
676 492 769 554 ceerlis
782 492 882 574 impiae
903 493 1069 574 legatorum
1084 511 1154 551 nos·

146 587 291 642 trorum:
317 577 468 639 Etruriam
490 596 606 636 onmem
631 576 775 635 adversus
798 593 853 632 nos
877 574 1027 632 concitare
1051 572 1156 631 volue-

146 667 234 729 runt,
245 657 394 737 hodieque
408 657 438 717 id
450 656 612 717 moliuntur
627 676 634 715 :
655 674 704 715 res
717 661 887 735 repetentes
901 654 1014 733 legatos
1028 656 1155 720 nostros,

144 740 231 801 haud
244 740 346 820 procul
361 737 446 809 aluit,
459 737 532 816 quin
545 735 702 795 violarent.

194 821 236 878 V.
255 819 362 878 “Cum
376 817 421 877 his
434 816 564 878 molliter
577 823 607 876 et
620 836 675 896 per
688 813 847 874 dilationes
860 812 971 873 bellum
991 811 1054 894 geri
1068 831 1154 891 opor-

146 900 223 961 tet?
244 897 270 958 si
293 918 349 958 nos
369 904 431 957 tam
441 900 556 978 justum
571 895 672 970 odium
685 894 757 954 nihil
773 898 880 963 movet,
903 911 942 953 ne
956 892 1010 952 illa
1023 890 1155 970 quidem,

146 1001 204 1048 oro
219 998 282 1048 voe,
303 983 447 1046 inovent?
489 976 634 1057 Operibus
647 975 815 1057 ingentibus
831 980 915 1053 septa
928 975 998 1031 urbs
1013 977 1067 1039 est,
1088 970 1157 1050 qui·

146 1063 209 1122 bus
236 1059 316 1118 intra
336 1078 435 1118 muros
463 1062 620 1117 coercetur
642 1054 736 1115 hostis
750 1075 759 1126 3
786 1073 889 1135 agrum
913 1072 973 1111 non
998 1051 1099 1120 coluit,
1126 1054 1157 1110 et

148 1140 239 1200 culta
252 1144 386 1198 evastata
408 1144 479 1198 sunt
499 1137 587 1196 bello.
629 1134 662 1194 si
687 1134 859 1195 reducimus
886 1132 1059 1199 exercitum,
1086 1129 1154 1208 quis

146 1226 210 1289 est,
238 1218 289 1298 qui
311 1217 435 1287 dubitet,
461 1216 538 1286 illos,
553 1236 613 1274 non
640 1214 841 1295 &cupiditate
863 1213 957 1272 solum
979 1209 1156 1279 ulciscendi,

148 1298 314 1360 sedetiam
335 1297 514 1358 necessitate
535 1294 675 1376 imposita
697 1314 736 1354 ex
756 1294 855 1354 alieno
875 1292 1041 1373 praedandi,
1063 1309 1156 1368 quum

147 1399 210 1440 sua
230 1378 391 1446 amiserint,
416 1397 518 1457 agrurn
544 1382 678 1435 nostrum
704 1373 885 1434 invasuros?
906 1391 965 1432 non
992 1369 1156 1430 differimus

145 1458 248 1540 igitur
259 1457 372 1516 bellum
385 1456 443 1516 isto
458 1454 589 1522 consilio,
617 1455 671 1514 sed
698 1453 779 1513 intra
804 1452 881 1513 fines
902 1458 1020 1511 nostros
1044 1449 1156 1529 accipi-

145 1557 231 1598 mus.
272 1536 377 1611 Quid?
398 1534 484 1605 illud,
505 1533 586 1614 quod
607 1533 724 1615 proprid
745 1534 783 1592 ad
798 1532 907 1592 milites
930 1531 1068 1613 pertinet,
1089 1528 1156 1609 qui-

147 1620 209 1677 bus
225 1617 294 1677 boni
309 1616 420 1677 tribuni
435 1614 530 1695 plebis
544 1633 636 1693 quum
661 1612 843 1693 stipendium
864 1618 1040 1691 extorquere
1055 1611 1158 1670 volue-

146 1698 225 1765 rint,
248 1717 329 1755 nunc
354 1695 522 1756 consultum
535 1694 658 1773 repenti
684 1694 799 1774 uolunt,
821 1693 910 1772 quale
925 1694 992 1752 est?
1034 1690 1156 1752 Vallum

144 1776 334 1854 fossamque,
352 1774 490 1858 ingentis
504 1775 662 1853 utramque
681 1794 745 1834 rem
758 1774 865 1854 operis,
888 1776 1073 1852 portantum
1088 1790 1158 1851 spaa

146 1855 189 1915 tii
204 1857 378 1918 duxerunt:
400 1853 525 1915 castella
538 1854 634 1935 primi
657 1873 763 1933 pauca,
777 1852 890 1933 postea,
904 1852 1037 1913 exercitu
1058 1856 1156 1919 aucto,

149 1935 333 1996 creberrima
355 1935 511 1998 fecerunt:
533 1934 713 1996 munitiones
735 1953 795 1994 non
809 1933 846 1991 in¹
863 1935 964 1993 urbem
978 1930 1076 2001 modrl,
1104 1930 1159 1991 sed

147 2014 183 2076 in
206 2015 358 2076 Etruriam
382 2016 474 2076 etiam
487 2021 669 2096 spectantes
684 2014 709 2076 si
723 2035 783 2095 qua
804 2012 875 2073 inde
899 2012 1011 2073 auxilia
1024 2011 1157 2080 verriont,

146 2114 328 2174 opposuere.
369 2095 448 2168 Quid
461 2099 570 2164 turres,
593 2095 667 2174 qnid
680 2095 784 2155 vineas
797 2092 1028 2172 testudinesque
1050 2097 1081 2151 et
1101 2091 1157 2150 ali·

147 2193 206 2233 urn
231 2171 495 2265 oppugnandarum
508 2175 626 2232 urbium
640 2183 817 2254 apparatum
829 2172 935 2253 loquar
949 2174 962 2231 ἓ
983 2192 1076 2252 quum
1089 2177 1160 2231 tau·

150 2260 221 2315 tum
236 2251 344 2312 laboris
359 2251 534 2312 exhaustum
557 2252 605 2321 sit,
628 2258 659 2312 et
673 2253 712 2312 ed
726 2251 816 2312 finem
835 2255 899 2343 jam
914 2251 1011 2333 operis
1034 2251 1159 2314 tandem

147 2337 354 2415 perventum3
383 2331 619 2410 relinquendane
642 2330 709 2391 haee
736 2338 875 2401 censetis,
898 2339 933 2391 ut
957 2332 995 2391 ad
1021 2336 1158 2391 aestatem

149 2432 258 2473 rursus
281 2432 376 2473 novus
391 2412 429 2472 de
450 2410 566 2493 integro
587 2412 639 2471 his'
657 2411 851 2474 instituendis
876 2412 1039 2471 exsudetur
1051 2410 1159 2472 labori

149 2492 272 2567 Quanto
287 2501 334 2552 est
354 2492 454 2554 minus
467 2513 557 2572 opera
570 2491 647 2552 tueri
665 2498 751 2564 lacta
779 2499 810 2552 et
823 2492 944 2563 instare,
972 2498 1003 2552 et
1016 2511 1156 2573 perseve-

148 2593 229 2642 rare,
240 2572 423 2654 defungique
434 2572 530 2632 curli?
572 2571 678 2632 Brevis
690 2572 768 2631 euim
781 2573 915 2652 prolectd
928 2592 976 2633 res
987 2577 1044 2639 est,
1055 2572 1081 2632 si
1094 2592 1157 2632 uno

149 2657 257 2713 tenore
272 2654 432 2735 peragitur,
453 2671 511 2711 nec
524 2650 581 2732 ipsi
594 2670 648 2731 per
665 2650 900 2712 intermissiones
914 2652 966 2713 has
981 2652 1157 2714 intervalla·

150 2752 214 2872 que
228 2731 385 2792 lentiorem
407 2752 490 2813 spem
511 2737 643 2792 nostram
658 2730 784 2792 facimus
798 2752 808 2803 3
829 2732 933 2813 loquor
947 2734 985 2794 de
999 2753 1098 2814 opere,
1125 2739 1158 2795 et

175 2812 347 2892 etemporis
356 2816 486 2892 jactura.
526 2811 629 2886 Quid?
650 2811 786 2890 periculi,
807 2815 886 2891 qnod
901 2813 1063 2874 differendo
1076 2814 1155 2874 bello

150 2891 283 2959 odimus,
306 2911 377 2950 num
392 2892 527 2951 oblivisci
540 2911 595 2952 nos
608 2890 671 2951 liaec
686 2899 747 2952 tam
762 2896 864 2953 crebra
878 2894 1009 2953 Etruria
1025 2892 1157 2954 coucilia

152 2970 195 3032 de
210 2969 364 3030 mittendis
379 2971 470 3050 VoJos
495 2969 612 3031 auxiliis
624 2970 804 3050 patiuntur?
844 2973 890 3032 Ut
902 2992 983 3032 uunc
997 2990 1044 3033 res
1059 2991 1091 3031 se
1104 2971 1158 3032 ha-

148 3053 213 3121 bet,
227 3050 296 3110 irati
310 3057 390 3118 sunt,
403 3050 540 3125 oderunt,
559 3059 671 3143 negant
684 3051 846 3113 missumst
867 3058 1014 3131 quantum
1039 3051 1070 3110 in
1095 3051 1157 3111 illis

151 3137 211 3200 est,
224 3150 330 3211 capere
346 3131 435 3211 Vejos
449 3130 544 3202 licet3
565 3151 632 3211 quis
645 3137 703 3202 est,
727 3132 778 3210 qui
793 3132 949 3212 spondeat,
969 3130 1106 3200 eundem,
1131 3129 1157 3190 si

151 3209 292 3270 differtur
311 3209 433 3280 bellum,
446 3211 577 3271 animum
592 3217 696 3292 postea
715 3210 804 3271 sore?
826 3230 927 3289 quum,
952 3209 979 3269 si
1001 3211 1157 3272 laxamen-

152 3297 222 3351 tum
243 3287 370 3360 dederis,
397 3294 490 3368 major
504 3290 750 3371 frequentiorque
764 3291 874 3372 legatio
886 3290 965 3351 ituro
979 3289 1041 3350 sit:
1063 3311 1156 3371 quum

152 3369 198 3440 id,
221 3371 300 3448 quod
314 3389 394 3430 nunc
409 3356 534 3430 ollondit
549 3373 700 3442 lltruscoS,
721 3391 774 3432 rex
798 3377 916 3431 creatus
940 3370 1035 3451 Vejis,
1061 3371 1158 3452 spatio

152 3449 332 3528 interposito
351 3451 459 3510 mutari
483 3450 587 3529 possit,
611 3451 660 3511 vel
675 3470 821 3510 consensu
836 3447 978 3520 civitatis,
1000 3459 1035 3511 ut
1059 3471 1094 3511 eo
1108 3472 1159 3512 re·

152 3528 318 3592 concilient
340 3530 470 3591 Etruriae
496 3531 620 3600 animos,
644 3532 693 3591 vel
715 3530 978 3610 ipsiusvoluutate
990 3530 1079 3610 regis,
1104 3532 1157 3611 qui

152 3614 270 3673 obstare
284 3629 406 3691 regnum
423 3631 508 3670 suum
523 3610 613 3669 saluti
628 3610 737 3670 civium
753 3609 837 3671 nolit.
877 3610 997 3678 Videte,
1010 3616 1083 3687 quot
1098 3630 1158 3681 res,

151 3692 245 3771 quim
267 3689 398 3759 inutiles,
413 3696 576 3771 sequantur
590 3690 672 3749 illam
697 3689 775 3750 viam
797 3690 935 3752 consilii:
951 3692 1072 3769 jactura
1084 3710 1156 3768 ope·

152 3790 221 3830 rum
244 3775 328 3830 tanto
349 3769 448 3831 labore
469 3770 624 3839 factorum,
651 3770 780 3831 vastatio
794 3770 953 3832 imminens
967 3768 1071 3828 linium
1085 3788 1156 3828 nos·

153 3863 280 3918 trorum,
303 3851 461 3910 Etruscum
485 3850 595 3909 bellum
620 3869 673 3930 pro
699 3850 823 3930 chente
845 3849 1037 3910 concitatum.
1079 3848 1157 3910 Haec

154 3935 236 4004 sunt,
249 3929 370 4002 tribuni,
384 3929 510 3992 consilia
529 3936 638 4003 vestra,
651 3949 721 4001 non,
735 3929 866 4001 hercule,
891 3928 1065 4000 dissimilia,
1081 3950 1123 3989 ae
1131 3930 1168 3988 ἐκ
