2634 4392
167 341 208 396 40
292 311 297 318 ’
421 399 428 408 i
567 338 795 406 rann.
877 334 931 385 ’-

91 541 92 580 3
166 497 221 556 bus
235 496 370 558 consueti
389 502 476 560 era-nt
487 495 614 582 uterque
627 492 799 583 ,agrestibus
819 501 1015 576 ferramentis,
1029 505 1062 569 in
1076 509 1166 570 resti-
1225 492 1227 537 ³

91 597 93 660 ᾗ
164 577 464 664 bfllfflgiaerquim
484 587 607 664 potuere
627 583 900 654 tumultuosissime,
914 586 1013 666 speeie
1041 588 1116 650 rixae
1136 589 1167 648 in
1225 630 1227 663 ἰ

165 674 198 716 se
212 677 312 740 omnes
340 659 523 740 apparitores
537 660 633 743 regios
654 669 853 735 convertunt3
873 664 953 736 inde,
972 687 1067 747 quum
1082 671 1166 730 ambo
1225 674 1227 709 l

91 763 92 772 ¹
162 756 261 820 regem
276 739 471 820 appellarent,
485 741 655 820 clamorque
676 763 776 803 eorum
788 744 909 822 penitus
928 745 960 804 in
973 747 1086 828 regiam
1100 769 1166 827 pers

162 817 303 888 venisset,
317 819 415 894 vocati
435 819 473 881 ad
494 842 594 902 regem
614 827 751 903 pergunt.
791 823 892 883 Primo
912 832 1038 905 uterque
1053 827 1165 887 vocife·

91 925 92 946 κ
161 896 230 967 rari,
251 897 439 962 et'certatim
459 900 535 960 alter
555 901 642 965 alteri
662 905 841 982 obstrepere,
855 903 977 966 co‘e'rc'iti
999 909 1036 966 ab
1049 905 1166 976 lictore,

91 1015 92 1024 κ
162 983 194 1036 et
201 977 281 1060 jussi
300 977 442 1040 invicem
462 979 573 1056 dicere,
592 981 716 1044 tandem
733 982 857 1064 obloqui
877 985 1035 1045 desistunt.
1076 986 1165 1046 Unus

91 1129 92 1134 η
160 1076 225 1116 rem
248 1078 285 1118 ex
305 1059 467 1141 composito
488 1059 610 1124 orditur.
624 1127 628 1137 Ἰ
651 1061 730 1124 Cum
750 1062 883 1124 intentus
902 1063 944 1123 in'
956 1085 1022 1124 eum
1043 1084 1077 1124 se
1098 1066 1166 1125 Rex
1219 1112 1227 1125 ..

159 1137 242 1198 totus
255 1144 413 1209 averteret,
427 1141 504 1200 alter
524 1143 632 1202 elatam
655 1141 782 1202 securim
804 1143 835 1201 in
856 1151 947 1223 caput
967 1143 1098 1225 dejecit3
1118 1164 1164 1205 re·

91 1259 92 1292 3
158 1216 214 1278 liet
255 1239 292 1280 ue
306 1218 336 1290 in
350 1219 473 1292 minere
487 1221 558 1290 telo,
572 1223 656 1281 ambo
670 1241 702 1282 se
716 1222 794 1283 foras
808 1220 941 1300 eJiciunt.
1225 1288 1227 1297 ,

91 1297 92 1306 ’
199 1298 228 1357 X
258 1299 283 1358 1.
303 1298 501 1392 Tarquinium
535 1301 741 1378 moribundum
772 1321 873 1380 quum,
894 1301 945 1379 qui
967 1301 1049 1363 circei
1070 1308 1164 1374 eraut,

159 1378 357 1460 excepissent,
368 1379 438 1439 'rllos
458 1375 607 1461 fugientes
620 1379 743 1440 lictores
757 1379 1011 1460 comprehendunt
1022 1402 1031 1452 ;
1053 1383 1165 1444 clamor

157 1459 228 1522 inde
250 1447 471 1536 concursusque
483 1476 522 1542 po
544 1456 596 1526 uli,
610 1457 781 1535 mirantium
793 1458 866 1536 quid
877 1459 921 1520 rei
933 1467 1022 1520 esset,
1061 1463 1164 1524 Tana-

158 1539 222 1620 quil
236 1537 316 1600 inter
328 1537 489 1598 tumultum
503 1477 604 1597 cliudi
616 1536 728 1618 regiam
743 1537 840 1616 jubet,
853 1539 977 1604 arbitros
998 1540 1101 1620 ejicit3
1123 1543 1162 1602 si·

157 1619 230 1690 mul,
254 1639 323 1698 quae
337 1616 469 1683 curando
490 1614 608 1690 yulneri
621 1636 695 1697 opus
715 1621 794 1685 sunt,
807 1623 950 1698 tanquam
971 1639 1038 1705 spes
1058 1624 1162 1682 subes-

157 1708 213 1770 set,
228 1697 333 1776 seduld
360 1703 531 1780 comparata
552 1695 651 1765 simul,
666 1697 697 1778 si
717 1695 861 1756 destituat
881 1717 957 1778 spes,
977 1699 1036 1759 alia
1055 1702 1162 1780 prasi-

157 1773 208 1840 dio
227 1779 356 1841 molitur.
377 1776 379 1781 ’
397 1776 500 1838 Servio
519 1777 643 1860 properi
658 1774 764 1845 accito,
785 1797 876 1856 quum
890 1780 966 1857 peni
980 1798 1162 1862 exsanguem

156 1861 254 1925 uirum
274 1857 453 1921 ostendisset
464 1879 474 1930 3
503 1859 637 1918 dextram
657 1861 764 1928 tepens
784 1862 857 1925 orat,
877 1877 915 1916 ne
935 1857 1060 1930 inultam
1082 1880 1161 1920 mor·

155 1947 218 2004 tem
231 1939 335 2008 soceri,
348 1958 387 1999 ne
407 1945 522 2002 socrum
543 1933 672 2004 inimicis
685 1932 811 1995 ludibrio
824 1955 889 1996 esse
902 1935 1003 1998 sinat
1029 1950 1048 1975 “
1057 1941 1161 2000 Tuum

157 2023 236 2090 est‚”
262 2017 372 2099 inquit,
397 2029 415 2056 “
427 2017 521 2087 Serui,
542 2015 568 2076 si
587 2014 633 2076 vir
653 2034 696 2085 es,
716 2035 859 2156 aequum
879 2035 939 2078 non
960 2037 1072 2090 eorum,
1107 2020 1160 2100 qui

155 2101 263 2164 alienis
277 2095 412 2160 manibus
433 2096 594 2180 pessimum
613 2094 730 2157 facinus
762 2117 859 2159 ecere·
898 2097 988 2237 Erige
1008 2105 1048 2170 te,
1059 2092 1159 2169 Ileos-

177 2203 215 2242 ue
229 2181 322 2248 duces
335 2199 470 2260 sequere,
478 2179 530 2259 qui
545 2178 659 2238 clarum
677 2177 735 2238 boc
755 2178 817 2238 fore
838 2185 928 2260 caput
969 2177 1048 2239 ivino
1061 2199 1160 2258 quon·

104 2271 105 2274 ’
154 2202 226 2322 darn
247 2261 427 2322 circumfuso
446 2260 509 2342 igni
528 2257 753 2340 portenderunt.
794 2259 885 2318 Nunc
900 2264 930 2318 te
951 2258 1004 2317 illa
1024 2258 1159 2319 coelestis

156 2343 268 2404 excitet
281 2341 420 2402 flamma:
440 2359 521 2400 nunc
535 2337 739 2418 expergiscere
749 2338 831 2397 uere.
882 2337 922 2394 nt
934 2355 998 2395 nos
1009 2337 1159 2418 peregrini

154 2422 353 2506 regnavimus.
393 2420 452 2494 Qui
466 2418 516 2487 sis,
530 2433 589 2478 non
600 2416 681 2474 unde
695 2421 783 2474 natus
796 2415 848 2484 sis,
860 2418 978 2500 reputa.¹
1015 2415 1047 2474 Si
1061 2423 1116 2477 tua
1126 2436 1158 2477 rc

155 2504 254 2563 subita
276 2497 400 2571 consilia
420 2501 547 2578 torpent,
561 2502 593 2556 at
606 2500 638 2554 tu
652 2515 719 2554 mea
732 2495 891 2574 sequere.'’
932 2495 1032 2568 Quum
1045 2496 1159 2557 clamor

153 2582 341 2663 impetusque
367 2573 578 2638 multidudinis
594 2573 806 2635 vixsustineri
815 2579 928 2654 posset,
949 2595 986 2634 ex
1007 2595 1040 2634 su
1082 2576 1157 2636 riore

152 2669 239 2744 parte
261 2658 371 2722 aedium
389 2679 443 2739 per
456 2657 612 2724 fenestras,
625 2654 657 2714 in
678 2673 794 2715 novam·
805 2655 882 2715 viam
904 2675 1015 2722 versas,
1031 2596 1157 2734 (liittra-

153 2745 206 2803 nat
218 2739 297 2801 enim
316 2737 422 2806 rexad
441 2737 524 2798 lovis
545 2734 682 2815 Statoris)
694 2735 834 2814 populum
856 2733 1006 2813 Tanaquil
1027 2735 1156 2815 alloqui·

154 2829 221 2883 tura
252 2822 340 2881 lubet
353 2821 458 2878 “bono
479 2817 577 2877 aninlo
597 2834 672 2883 esse,
686 2814 814 2894 sopitum
827 2811 918 2873 fuisse
938 2834 1037 2895 regern
1059 2816 1156 2874 'subito
1225 2834 1227 2857 ι

154 2903 239 2971 ictu3
267 2889 377 2959 ferrum
397 2897 476 2957 haud
497 2897 557 2960 alte*
577 2895 608 2954 in
629 2913 737 2973 corpus
756 2893 969 2964 descendisse;
986 2896 1049 2974 jam
1064 2895 1103 2955 ad
1124 2913 1155 2953 se
1225 2946 1227 2959 ,

153 2981 277 3042 redisse.
322 2977 494 3058 inspectum
515 2971 624 3036 vulnus
645 2977 778 3035 absterso
799 2994 924 3045 cruore;
945 2974 1043 3034 omnia
1076 2972 1155 3033 salu·
1225 3036 1227 3053 Ι

154 3063 218 3124 bria
233 3077 319 3129 esse;
340 3057 497 3125 confidere,
518 3053 690 3138 propediem
709 3053 806 3135 ipsum
821 3075 872 3115 eos
892 3054 1016 3117 visuros.
1056 3053 1155 3111 Inter·

154 3143 195 3202 im
217 3137 319 3207 Servio
339 3137 443 3198 Tullio
468 3139 574 3220 jubere
594 3136 738 3218 populum
765 3131 852 3217 dicto
878 3131 1048 3193 audientem
1079 3151 1155 3191 esse.

155 3224 232 3284 Eum
242 3223 311 3300 jura
331 3216 525 3284 redditurum,
546 3215 753 3290 obiturumque
774 3210 831 3271 alia
844 3211 922 3291 regis
934 3211 1036 3268 munia
1055 3209 1155 3301 esse.”
1225 3230 1227 3239 ·

156 3301 278 3364 Servius
297 3319 365 3357 eum
384 3299 485 3358 trabea
499 3300 530 3356 et
547 3292 703 3354 lictoribus
715 3290 835 3370 prodit3
856 3311 901 3359 ac,
915 3288 985 3348 sede
1006 3309 1086 3370 regua
1107 3309 1154 3348 se·

154 3383 239 3450 dene,
252 3378 311 3452 alia
323 3368 519 3446 decerninus
533 3373 599 3434 aliis
613 3371 820 3432 consulturum
842 3389 874 3430 se
887 3389 985 3450 regem
1006 3389 1071 3428 esse
1085 3369 1153 3428 sim·

153 3464 236 3532 ulat;
266 3459 377 3537 itaque,
398 3478 450 3539 per
473 3454 587 3535 aliquot
600 3452 675 3523 dies,
696 3471 788 3532 quum
810 3450 882 3530 jam'
894 3447 1057 3528 expirasset
1077 3451 1153 3509 Tar·

154 3541 284 3623 quinius,
305 3537 410 3598 celattt‘
423 3543 526 3605 morte,
548 3554 600 3616 per
620 3530 748 3613 speciem
768 3530 875 3606 alienae
896 3528 1056 3609 fungenda
1078 3527 1153 3586 vicis

155 3643 224 3684 suas
245 3637 315 3702 opes
329 3615 479 3686 firmauit3
499 3622 562 3675 tum
583 3613 702 3674 demum
720 3612 822 3751 palam
835 3607 924 3689 iacto,
937 3615 970 3668 et
990 3608 1151 3700 complora-

153 3704 234 3764 tione
248 3699 280 3762 in
292 3697 372 3782 regia
384 3701 460 3766 orta,
474 3695 605 3764 Servius,
628 3692 719 3774 praesi
740 3691 768 3752 io
782 3691 867 3750 firmo
886 3688 1028 3758 munitus,
1042 3703 1152 3779 primus

153 3783 268 3863 injussu
289 3777 400 3862 populi,
421 3775 575 3836 voluntate
605 3770 892 3867 Patrumfregnavit.
943 3767 1031 3861 {Anci
1058 3767 1152 3832 laben,

150 3863 213 3943 jam
226 3867 299 3922 tunc
314 3855 532 3942 comprehensis
552 3853 674 3918 sceleris
694 3851 847 3926 nuuistns,
869 3855 905 3915 ut
922 3869 1024 3914 Vivere
1038 3858 1153 3930 ¹sercin,
