2634 4392
545 254 675 364 arnan
688 300 748 370 111.
1082 301 1162 393 mn¹

148 466 213 521 arnt
224 461 339 524 animos
349 480 360 531 ς
379 458 433 521 sed
452 458 502 520 ibi·
513 460 674 541 plurimum
693 458 863 539 pronatum
879 460 935 528 est,
955 455 1036 537 qudd
1050 455 1139 528 modo

149 542 271 620 quodam
287 550 489 621 temperavere
501 539 629 621 impetus
642 560 722 599 suos.
763 538 861 611 Quum
875 537 969 617 primo
984 542 1052 628 post
1065 536 1140 597 1<ae-

149 621 221 681 sonis
234 620 372 689 exsilium
386 622 436 679 lex
449 628 549 699 coepta
568 620 640 681 ferri
663 628 719 687 est,
743 616 883 677 instructi
902 623 1057 697 paratuque
1071 636 1140 679 cnm

148 701 255 781 ingenti
275 700 432 761 clientium
444 699 576 760 exercitu
591 700 635 759 sic
662 700 804 766 tribunos,
817 696 868 757 nbi
881 696 1009 776 priurdm
1024 700 1143 763 submo·
1174 771 1175 775 Ἰ

147 789 242 841 rentes
261 782 419 861 praebuere
439 799 570 849 cansam,
583 779 681 839 adorti
702 784 781 846 sunt,
803 786 837 837 ut
863 796 950 839 nemo
970 796 1047 835 unus
1067 775 1140 839 indo

165 860 324 940 raecipuum
337 860 499 939 quicquam
512 859 616 948 gloriae
631 858 752 919 domum
765 854 926 919 iuvidiaeve
939 854 1032 923 ferret
1043 876 1052 925 ς
1075 855 1141 915 rnil-

131 880 174 999 .ie
197 960 247 1019 pro
260 960 320 999 uno
345 940 491 1002 &sones
504 939 665 1006 exstitisse,
685 938 787 1018 plebes
800 942 986 1015 quereretur.
1027 935 1142 995 Mediis

147 1018 251 1088 dicbus
265 1020 373 1098 quibus
386 1017 499 1078 tribuni
513 1019 550 1077 de
564 1019 628 1098 lege
646 1038 706 1077 non
720 1023 851 1097 agerent.
865 1015 938 1075 nihil
953 1015 1066 1075 eisdem
1080 1014 1141 1075 illis

144 1098 290 1237 placidius
303 1105 356 1161 aut
369 1096 500 1177 quietius
514 1104 578 1159 erat
589 1118 599 1167 3
625 1097 752 1177 benigne
766 1096 906 1163 salutare,
919 1094 1032 1174 ulloqui
1045 1096 1075 1174 pl
1080 1093 1143 1155 obis

161 1178 281 1248 omines,
294 1178 414 1238 domum
441 1177 579 1246 invitare,
592 1177 698 1238 adesse
720 1176 751 1237 in
765 1174 837 1244 foro,
851 1174 985 1235 tribunos
998 1173 1080 1253 ipsos
1091 1195 1142 1235 ce·

145 1264 203 1319 tera
213 1258 276 1338 pati
290 1257 353 1318 sine
367 1256 612 1337 interpellatione
626 1256 755 1317 concilia
768 1254 895 1315 habere:
915 1272 1068 1333 nunquam
1078 1253 1142 1325 ulli,

144 1356 239 1415 neque
252 1338 380 1418 publice,
393 1357 491 1415 neque
501 1336 651 1428 privatim,
662 1344 765 1395 truces
774 1334 913 1404 esse‚nisi
927 1354 1019 1413 quum
1028 1332 1142 1414 delego

142 1417 186 1496 agi
199 1425 337 1496 coeptum
346 1424 438 1476 esset.
458 1416 541 1477 Alibi
554 1415 706 1495 popularis
715 1418 858 1494 juventus
869 1420 950 1477 erate
970 1434 1026 1473 nec
1041 1421 1143 1477 cetero

142 1496 228 1555 modo
244 1495 352 1555 tribuni
366 1496 530 1575 tranquillo
543 1515 704 1575 peregere3
724 1494 778 1555 sed
792 1494 896 1555 refecti
916 1513 1036 1573 quoque
1048 1490 1079 1552 in
1093 1493 1143 1555 in·

142 1568 315 1654 seipuentem
329 1595 458 1644 annum3
478 1597 517 1636 ne
531 1596 604 1635 voce
617 1575 739 1654 quidem
753 1574 950 1642 incommodi,
975 1573 1085 1635 nedum
1106 1578 1142 1637 ui

141 1656 199 1714 ulla
213 1654 261 1716 vis
274 1654 368 1723 fieret,
382 1655 538 1735 paullatim
552 1654 765 1733 permulcendo
779 1654 995 1731 tractandoque
1002 1672 1142 1713 mansue·

142 1734 276 1796 fecerant
301 1735 428 1816 plebem.
482 1733 541 1795 His
559 1738 722 1815 pestutum
736 1752 847 1795 anuum
868 1732 980 1795 artibus
995 1732 1044 1793 lex
1058 1732 1143 1799 elusa

143 1820 195 1874 est
446 1830 449 1838 ·

176 1895 246 1953 XV.
266 1891 432 1974 Accipiunt
445 1892 596 1953 civitatem
607 1886 800 1973 placidiolem
814 1892 952 1953 consules
965 1888 1141 1978 cpolaudi-

140 1993 181 2041 us,
195 1972 291 2051 Appii
304 1972 392 2042 filius,
407 1980 439 2033 et
452 1973 486 2031 P.
507 1972 647 2052 Valerios
662 1972 822 2037 Publicola.
863 1970 949 2032 Nihil
963 1970 1032 2031 novi
1046 1988 1141 2035 novun

142 2067 237 2113 annus
252 2052 412 2113 attuleratz
433 2051 508 2133 legis
528 2051 727 2113 serendaeout
744 2052 928 2133 accipiendae
951 2071 1023 2113 cura
1036 2050 1143 2115 civitae
1219 2080 1220 2125 3

139 2138 196 2191 tem
212 2133 343 2194 tenebat.
384 2131 535 2204 Quantum
545 2130 679 2208 juniores
700 2132 831 2197 Petrum·
848 2130 926 2210 plebi
940 2150 972 2189 se
987 2128 1081 2209 magia
1093 2128 1141 2191 in·
1219 2126 1220 2171 l

140 2210 307 2276 sinuabant,
334 2227 369 2267 eo
383 2208 483 2269 acrius
497 2208 727 2269 corindtribnni
739 2211 912 2277 tendebant,
933 2216 967 2269 ut
980 2208 1059 2288 plebi
1071 2229 1139 2271 sus·

140 2297 245 2367 pectus
260 2306 311 2347 eos
339 2286 525 2348 criminando
548 2286 691 2346 facerent.
731 2298 749 2335 ‘t
757 2287 1000 2368 conjurationem
1020 2286 1142 2360 factam,

140 2370 302 2429 Kaesonem
319 2368 420 2426 Reum
435 2384 521 2425 esset
551 2366 823 2427 interficiendorum
838 2367 1032 2437 tribunorum,
1044 2367 1140 2435 ‚truci-

140 2449 247 2509 dandae
258 2448 353 2528 plebis
369 2445 492 2522 consilia
505 2443 587 2505 inita
628 2446 666 2509 Id
682 2446 791 2527 negotii
806 2446 909 2506 dotum
923 2446 959 2506 ab
974 2446 1140 2510 senioribus
1218 2466 1219 2475 ¹

140 2528 270 2594 Petrum,
283 2533 319 2584 ut
333 2528 478 2603 juventus
490 2524 679 2585 tribuniciam
693 2532 871 2607 potestatem
885 2527 901 2585 ἐ
916 2524 1066 2606 republica
1080 2528 1138 2586 tol-

138 2606 220 2676 leret,
242 2606 396 2684 forrnaque
428 2604 534 2666 eadem
555 2604 686 2667 civitatis
720 2612 810 2674 esset,
830 2627 899 2685 quae
921 2616 990 2665 ante
1013 2606 1138 2672 Sacrum

140 2693 269 2747 montem
289 2690 465 2764 occupatum
479 2683 610 2745 suerat.’'
663 2686 705 2745 nt
718 2688 754 2747 ab
769 2685 887 2747 Volscis
901 2694 930 2745 et
944 2685 1055 2765 AEquis
1077 2693 1139 2751 sta·
1177 2750 1185 2771 ⁸

140 2775 199 2828 tuni
213 2769 281 2845 jan
294 2785 329 2825 ac
343 2765 435 2845 prope
448 2765 571 2826 solenne
583 2765 617 2825 iu
630 2764 762 2845 singulos
774 2786 868 2828 annos
888 2766 1000 2827 bellum
1013 2765 1139 2827 timeba-
1161 2796 1163 2801 v

140 2853 204 2905 tur:
231 2844 414 2925 propiusque
435 2844 517 2905 aliud
531 2866 640 2905 novum
653 2844 773 2915 malum,
800 2845 977 2925 necopinato
991 2852 1136 2907 exortum.

140 2924 265 2984 Exsules
286 2923 433 3001 servique,
453 2924 492 2983 ad
512 2931 640 3002 quatuor
660 2924 752 2985 rnillia
765 2926 913 2985 hominum
929 2932 960 2985 et
973 2924 1138 3005 quingenti,
1217 2924 1218 2927 ’

141 3004 212 3065 duce
228 3008 288 3083 Ap.
314 3001 468 3063 Herdonio
489 3004 607 3073 Sabino,
626 3013 716 3063 nocte
736 3004 917 3085 Capitolium
931 3010 1022 3087 atque
1036 3024 1138 3067 arcem
1217 3012 1218 3053 ἒ

140 3103 329 3163 occupavere.
370 3082 536 3144 Confestim
549 3084 580 3143 in
594 3103 663 3143 arce
675 3083 755 3145 lacta
769 3084 869 3145 eaedes
880 3104 991 3151 eorum,
1002 3082 1053 3163 qui
1065 3104 1138 3147 con-

137 3165 237 3242 jurare
250 3171 280 3223 et
294 3162 384 3222 simul
398 3182 504 3242 cupere
525 3182 607 3224 arma
620 3164 797 3233 noluerant;
817 3163 869 3223 alii
882 3162 962 3223 inter
975 3162 1137 3225 tumultum

140 3242 305 3323 praecipites
320 3259 434 3323 pavore
447 3242 480 3301 in
493 3243 590 3303 tbrom
603 3242 746 3304 devolant
755 3263 763 3314 ;
784 3243 910 3305 altemae
931 3262 1028 3311 voces,
1055 3254 1072 3280 ‘⁶
1084 3244 1135 3305 Ad

140 3322 252 3391 arma,”
265 3330 297 3382 et
321 3323 460 3383 “Hostes
486 3323 517 3383 in
531 3325 603 3383 urbe
624 3324 726 3392 sunt‚'’
741 3323 946 3383 audiebantur.
987 3322 1137 3384 Consules

140 3409 168 3461 et
180 3422 294 3462 armare
308 3402 434 3481 plebem,
448 3409 479 3461 et
491 3402 635 3463 inermem
648 3401 711 3484 pati
727 3403 879 3464 timebant
915 3402 1037 3473 lucenti,
1053 3404 1135 3482 quod
1216 3476 1217 3485 χ

141 3482 249 3543 malum
270 3481 466 3560 repentinum,
476 3488 631 3543 externum
652 3502 689 3541 an
705 3480 889 3551 intestinum.
904 3483 1017 3545 abodio
1030 3482 1136 3563 plebis,
1216 3492 1217 3545 ὲ

142 3581 176 3619 an
189 3562 227 3621 ab
252 3560 352 3621 servili
372 3562 486 3630 fraude,
507 3566 608 3623 urbem
630 3561 797 3629 invasisset.
820 3562 963 3630 sedabant
977 3563 1135 3634 tumulare,

141 3639 270 3700 sedando
284 3640 431 3701 interdum
460 3644 636 3711 movebunt;
671 3662 726 3703 nec
741 3643 818 3703 euim
841 3656 954 3724 poterat
968 3643 1074 3726 pavida
1103 3649 1134 3705 et

141 3724 327 3781 consternata
338 3722 495 3781 multitudo
510 3721 570 3801 regi
583 3721 714 3800 imperio.
756 3725 838 3783 Dant
855 3734 953 3783 tuanen
968 3742 1060 3789 arma,
1074 3740 1133 3783 non

140 3798 248 3879 vulgf23
281 3801 399 3859 tnotdm
414 3807 456 3865 ut,
476 3801 590 3861 incerto
605 3802 699 3870 hoste,
712 3803 879 3883 praesidium
896 3804 968 3861 satis
982 3801 1074 3860 lidum
1094 3800 1133 3863 ud
1215 3808 1216 3811 ’

141 3878 235 3943 onnda
248 3886 336 3945 esset.
376 3879 503 3947 Solliciti
520 3879 1134 3977 reliquumnoctis‚inca·uque,quit0n·
1215 3958 1216 3971 p
