2634 4392
141 260 203 316 eoa
236 200 239 207 ⁴
511 216 519 226 “
566 235 604 310 τ’.
618 231 742 350 uruit

141 434 205 476 suae
219 411 323 506 gloriae
346 406 401 468 sibi
424 406 505 481 inter
526 406 748 470 dimicationem
775 405 881 488 patriae
905 401 1079 492 meminisse
1103 405 1145 488 sit

140 493 198 563 fas,
212 491 267 555 subi
279 487 409 568 amplum
423 506 542 567 quoque
555 507 632 557 csse,
654 492 756 568 urbam
771 490 807 548 ab
821 508 853 566 se
867 493 988 567 captum
997 487 1143 567 frequen·

139 572 209 640 tari,
232 568 365 650 quotidie
389 586 422 627 sc
445 565 504 628 frui
518 573 709 638 monumento
727 567 829 649 gloriae
844 587 917 640 suec,
938 572 969 625 et
983 573 1142 644 anteocu·

140 651 186 710 los
198 652 306 727 habere
319 648 424 708 urbem
441 647 534 708 latam
553 647 586 707 in
609 647 757 728 triumpho
782 662 845 718 suo,
872 645 1014 707 insistere
1039 659 1139 708 omnes

139 728 275 811 vestigiis
299 727 424 789 laudum
437 745 580 796 suarum3
600 727 654 787 sed
682 727 766 788 nefas
787 728 906 796 ducere,
931 723 1084 800 desertam
1103 748 1139 787 ac

138 807 275 870 relictam
285 809 322 873 nli
335 807 401 867 Diis
414 805 630 868 immortalibus
650 807 743 871 incoli
762 809 863 868 urbem
880 825 890 877 ;
910 811 944 866 ct
968 807 1000 865 in
1020 807 1141 886 captivo

139 889 204 950 solo
216 888 350 948 habitare
364 887 506 968 populum
519 887 697 956 Romanum,
724 885 762 947 et*
778 886 901 947 victrice
915 886 1013 966 patna
1026 886 1143 946 'victam

139 968 280 1034 mutari.”
322 965 380 1027 llis
390 965 644 1027 adhortationibus
656 965 799 1049 principia
813 964 956 1026 annunti
967 965 1081 1034 Patres,
1092 985 1145 1026 sc-

139 1066 194 1108 nes
203 1049 401 1128 juvenesque,
425 1065 517 1124 quum
529 1046 658 1107 ferretum
671 1049 738 1115 lex,
754 1046 870 1128 agmine
890 1045 974 1109 facto
987 1043 1021 1106 in
1043 1043 1145 1106 forum

138 1132 309 1188 venerunt:
350 1124 546 1205 dissipatique
566 1146 620 1206 per
640 1127 753 1196 tribus,
777 1136 846 1186 suos
857 1123 994 1266 1quisque
1017 1124 1142 1186 tribules

138 1213 325 1287 prensantes
339 1225 424 1265 orare
434 1225 503 1277 cum
516 1205 647 1266 lacrimis
662 1225 788 1286 coeperc.
829 1215 846 1244 ‘¹
891 1207 988 1280 ecam
1003 1203 1141 1286 patriam,

138 1307 193 1366 pro
218 1304 279 1365 qua
301 1284 461 1343 fortssime
485 1283 714 1362 felicissimeque
727 1285 786 1362 ipsi
804 1305 841 1353 ac
863 1288 1083 1363 patreseorum
1097 1279 1155 1342 di·'

138 1365 312 1434 misissent,
339 1362 548 1430 desererent,”
565 1360 756 1442 Capitolium,
784 1359 882 1422 eoem
895 1361 1011 1432 Vestae,
1042 1367 1144 1424 cetera

135 1445 219 1505 ciret
245 1443 358 1522 templa
378 1444 509 1500 Deorum
528 1443 739 1512 ostentantes*
766 1441 843 1517 “Ne
865 1442 1011 1512 exsulem,
1038 1445 1141 1503 extor-

138 1545 202 1584 rem
215 1523 358 1604 populurn
372 1521 540 1580 Romanum
563 1523 600 1599 ab
613 1521 676 1581 solo
698 1521 794 1601 patrio
809 1521 844 1582 ac
858 1519 916 1579 diis
928 1522 1087 1602 ¹penatibus
1108 1521 1142 1582 in

137 1603 266 1680 hostium
280 1603 382 1660 urbem
402 1607 528 1681 agerent
542 1621 551 1671 ;
572 1602 668 1680 adque
688 1618 752 1660 rem
765 1599 960 1680 adducerent,
984 1607 1017 1678 ut
1029 1601 1139 1678 melius

139 1682 239 1750 fuerit,
266 1701 328 1755 nou
349 1679 416 1762 capi
429 1681 530 1760 Vejos,
553 1701 591 1740 ne
611 1683 707 1738 Roma
721 1681 939 1762 desereretne*
959 1691 962 1698 ’
982 1680 1058 1754 Quia
1075 1699 1142 1744 nou

134 1763 171 1823 ri
184 1766 318 1846 agebant,
343 1763 396 1821 scd
420 1760 566 1852 precibus,
593 1764 624 1826 et
646 1757 727 1818 inter
752 1773 857 1838 preces
879 1759 980 1827 ‘multa
1006 1759 1143 1820 Deorum

140 1843 251 1903 mentio
277 1847 351 1909 erat,
374 1839 544 1930 religiosum
564 1836 644 1921 parti
677 1836 820 1898 maximae*
834 1837 901 1908 fuit,
915 1845 947 1898 et
967 1839 1067 1919 legem
1081 1845 1141 1897 uua

139 1921 239 2002 plures
263 1919 358 1979 tribus
381 1922 586 1995 antiquarunt,
616 1915 707 1995 quim
728 1918 895 1996 jusserunt.
933 1917 1084 1997 Adeoque
1104 1937 1141 1978 ea

140 1998 265 2060 victoria
275 1999 349 2058 laeta
358 1995 497 2057 Patribus
506 1994 574 2064 fnit,
594 1999 629 2054 ut
642 2001 759 2075 postero
773 1993 831 2065 die,
854 1997 1055 2072 referentibus
1069 2017 1142 2057 con-

140 2078 263 2148 sulibus,
278 2075 571 2137 senatusconsultum
594 2073 690 2150 ficret,
709 2080 744 2136 ut
757 2075 819 2156 agri
833 2073 994 2156 Vejeutani
1015 2083 1144 2156 septena

134 2161 243 2240 jugera
255 2155 335 2251 plebi
348 2153 554 2238 dividerentur
567 2175 577 2225 ;
597 2174 653 2214 uec
668 2154 800 2236 patribus
810 2155 933 2216 familiae
944 2158 1073 2230 tautum,
1086 2157 1142 2216 sed

139 2246 175 2298 ut
185 2257 316 2299 omnium
330 2234 361 2297 iu
375 2235 462 2295 domo
475 2235 636 2295 liberorum
646 2235 777 2314 capitum
790 2234 866 2296 ratio
879 2235 1038 2296 haberetur
1050 2256 1060 2306 3
1074 2237 1144 2297 vel·

139 2319 268 2396 lantque¹
277 2317 309 2378 ia
323 2336 388 2388 eam
401 2330 485 2394 spem
498 2315 606 2375 liberos
619 2315 736 2375 tollere.
749 2375 752 2380 ,,
920 2383 924 2389 ,

181 2398 295 2458 XXXI.
314 2396 506 2463 uro-munere
533 2393 667 2453 delenitis
693 2389 881 2474 plebe,'nihil
909 2395 1053 2457 certatum
1077 2399 1139 2464 est,

137 2497 200 2556 quo
215 2476 315 2537 minus
339 2472 508 2533 consularia
531 2472 652 2533 comitia
663 2479 664 2482 ’
675 2473 855 2535 haberentur
868 2494 878 2545 ς
892 2476 987 2536 creati
1001 2475 1143 2535 consules

139 2556 177 2615 L.
201 2553 341 2616 Valerius
365 2551 492 2622 Potitus,
517 2551 564 2612 M.
587 2553 733 2625 Manlius,
767 2555 825 2614 cui'
841 2553 1009 2636 Capitolino
1030 2561 1143 2694 postea

139 2635 229 2696 ctiam
253 2633 310 2693 fuit
330 2640 502 2713 cognomen.
542 2631 585 2693 Hi
612 2635 893 2716 consules-magnos
916 2633 1004 2693 ludos
1045 2655 1142 2704 acere,

135 2734 214 2794 quos
228 2714 274 2771 M.
288 2712 396 2769 Furius
410 2712 540 2768 dictator
555 2717 678 2772 voverat
692 2711 812 2790 Vejenti
825 2713 915 2774 bello,
955 2713 1072 2774 Eodem
1085 2733 1141 2774 an-

139 2813 179 2853 no
198 2791 279 2852 aedes
300 2789 429 2850 lunonis
453 2787 589 2869 Reginae,
616 2793 652 2851 ab
677 2789 781 2859 eodem
808 2791 959 2854 dictatore·
974 2795 1143 2872 eodemque

138 2873 218 2946 bello
231 2878 310 2939 vota,
334 2869 508 2930 dedicatur:
530 2869 769 2950 celebratamque
790 2871 1009 2934 dedicationem
1024 2873 1141 2954 ingenti

138 2957 339 3026 matronarum
362 2946 462 3008 studio
485 2947 618 3011 tradunt
651 2951 778 3018 ,Bellum
800 2949 879 3010 haud
893 2952 1086 3014 memorabile
1107 2953 1142 3012 in

139 3032 250 3133 Algido
265 3050 331 3090 cum
346 3026 457 3108 AEquis
471 3034 586 3109 gestum
608 3035 663 3100 est,
690 3030 765 3090 fusis
791 3030 924 3092 hostibus
945 3033 1031 3112 prius
1051 3033 1141 3112 pene,

135 3132 229 3190 quam
256 3128 361 3169 manus
376 3115 589 3178 consererent.
628 3109 760 3180 Valerio,
790 3109 871 3188 qudd
899 3109 1138 3191 perseverantior

138 3188 290 3250 caedendis
304 3189 335 3247 in
355 3186 427 3269 fuga
443 3187 512 3265 fuit,
523 3189 710 3272 triumphus;
731 3189 858 3262 Manlio,
876 3197 910 3250 ut
923 3211 1018 3252 ovans
1039 3191 1143 3252 inere-

136 3271 259 3330 dcretur
273 3270 384 3348 urbem,
408 3269 562 3343 decretura
577 3277 633 3329 est
672 3267 787 3330 Eodem
800 3267 879 3330 auno
899 3289 1010 3330 novum
1024 3239 1145 3332 bellum

135 3369 207 3408 cum
231 3347 468 3407 Volsiniensibus
486 3354 647 3412 ,exortumt
681 3351 884 3430 quiapropter
910 3351 1019 3412 saonem
1045 3351 1148 3432 pesti·

137 3427 320 3508 lentiamque
341 3428 374 3486 in
398 3447 467 3507 agro
486 3428 630 3500 Romano,
655 3447 693 3490 cx
714 3429 847 3490 siccitate
862 3423 1071 3510 caloribusque
1094 3429 1146 3490 ni-

137 3505 205 3568 miis
220 3515 324 3577 ortam,
351 3507 585 3588 exercitusvduci
599 3509 758 3602 nequivit;
779 3513 815 3570 ob
839 3531 906 3590 quac
921 3507 1148 3580 Volsinienses,

136 3588 339 3667 Salpinatibus
366 3587 516 3663 adjunctis
538 3593 676 3667 superbru
690 3589 772 3658 clati,
795 3591 874 3650 ultm
887 3611 973 3682 agros
986 3592 1147 3651 Romanos

136 3666 337 3726 incursavere.
385 3662 511 3738 Bellum,
526 3667 608 3727 inde.
622 3671 736 3732 duobus
763 3669 879 3752 populis
903 3673 1062 3730 indictum.
1106 3669 1150 3730 C.

136 3743 235 3804 Julius
250 3764 354 3804 censor
378 3744 508 3805 decessit
523 3767 530 3802 ι
551 3748 582 3806 in
597 3752 661 3831 ejus
676 3752 772 3830 locum
788 3749 832 3808 M.
847 3749 1005 3830 Cornelius
1028 3747 1148 3810 suffec-

135 3825 194 3890 tus,
214 3843 285 3904 quae
300 3844 349 3884 res
362 3831 466 3906 postea
479 3824 615 3914 religioni
625 3829 683 3892 fuit
694 3853 708 3909 ¹3
728 3830 811 3918 ¹¹quia
825 3849 859 3919 eo
873 3829 969 3894 lustro
978 3831 1077 3892 Romu
1093 3838 1149 3893 est
