2634 4392
189 322 226 376 88
600 320 639 378 Τ.
653 319 761 378 LIVlI

149 474 153 483 ¹
186 485 316 554 1emotis,
336 494 355 521 ‘³
365 481 516 548 Invitus‚’'
529 479 635 556 inquit,
648 490 667 515 ‘⁸
678 479 757 558 quod
772 480 892 559 sequius
905 479 953 550 sit,
973 480 1012 541 de
1033 477 1104 541 meis
1117 480 1169 546 eir·
1212 461 1214 500 ¹

186 571 251 629 ibus
264 565 377 640 loquor.
418 561 489 620 Non
508 568 609 619 tamen
623 557 783 618 admissum
802 560 963 640 quicquam
976 563 1012 620 ab
1025 560 1062 618 iis
1085 547 1170 620 crimi-

166 652 289 714 ¹natum
309 642 406 708 venio,
432 640 486 699 sed
517 645 647 724 cautum,
678 659 716 698 ne
747 639 915 700 admittant.
974 639 1075 700 NImio
1103 640 1170 732 plus,

186 725 278 806 qulm
298 720 398 791 velim,
419 726 583 780 nostrorum
605 718 725 798 ingenIa
737 723 816 782 ,sunt
836 719 964 780 mobilIa.
1024 720 1128 783 Multis
1145 718 1171 776 id

185 800 491 866 cladibus-sensimus.
532 797 648 879 Quippe
660 792 785 876 quinon
806 807 907 859 nostro
927 800 1039 869 merito,
1053 799 1104 859 sed
1114 817 1171 857 ves·

184 893 233 949 tra
260 881 416 964 patientia,
428 877 594 938 incolumes
615 877 716 936 simne.
757 879 870 959 Magna
890 877 938 938 hic
959 899 1038 938 nunc
1059 877 1170 938 Volsco·

183 986 252 1026 rum
272 960 434 1022 multitudo
454 964 521 1028 est3
542 957 605 1016 ludi
627 965 718 1028 sunt3
751 960 922 1038 spectaculo
942 959 1057 1020 intenta
1077 957 1170 1017 civitas

184 1045 250 1106 erit.
291 1040 428 1110 Memini,
441 1037 515 1118 quid
529 1057 589 1118 xper
609 1037 734 1097 eandem
748 1040 933 1098 occasionem
954 1043 991 1099 ab
1012 1039 1171 1098 Sabinorum

178 1128 342 1206 juventute
362 1121 394 1181 in
416 1118 473 1180 hac
493 1121 566 1178 urbe
587 1117 776 1178 commissum
797 1118 854 1188 sit;
883 1119 984 1179 horret
1003 1119 1123 1188 animus,
1140 1136 1170 1177 ne

184 1203 258 1285 quid
271 1201 440 1262 inconsulte
453 1219 489 1258 ac
500 1199 611 1258 temere
625 1199 700 1269 fiac,
730 1199 817 1266 Haec,
827 1205 929 1258 nostra
943 1206 1101 1279 vestrlque
1112 1216 1170 1256 cau·
1213 1237 1214 1260 t

184 1292 228 1353 st,
242 1284 325 1364 pride
339 1280 469 1341 dicenda
481 1278 573 1347 vobis,
595 1277 742 1345 consules,
756 1284 840 1337 ratus
854 1297 929 1338 sum.
963 1279 1058 1352 Quod
1079 1277 1113 1338 ad
1132 1293 1169 1336 me

182 1364 300 1433 attinet,
311 1360 463 1440 'extemplo
482 1357 550 1419 hinc
571 1357 692 1416 domum
713 1356 793 1416 abire
807 1358 839 1416 in
860 1358 958 1419 animo
972 1367 1029 1428 est,
1049 1377 1086 1417 ne
1098 1359 1169 1436 cujus

181 1445 255 1504 facti
276 1442 387 1501 dictive
409 1433 583 1518 contagione
625 1455 738 1496 raesens
769 1436 894 1496 violer.”
958 1440 1036 1498 Haec
1065 1436 1169 1498 locutus
1213 1445 1214 1486 1

182 1522 263 1584 abiit.
303 1518 452 1580 Consules
464 1536 557 1596 quum
578 1457 624 1575 ad
637 1515 743 1575 Patres
763 1537 826 1576 rem
847 1517 967 1578 dubiam
989 1521 1044 1578 sub
1064 1523 1169 1578 auctore
1213 1539 1214 1562 r

181 1607 264 1665 certo
277 1599 466 1667 detulissent,
486 1595 707 1676 auctormngis,
727 1601 762 1655 ut
775 1595 820 1664 fit,
834 1599 924 1674 quim
945 1612 1004 1666 res,
1018 1599 1057 1657 ad
1071 1613 1169 1676 praeca·

181 1680 313 1742 rendum
326 1679 434 1738 velex
454 1694 638 1756 supervacuo
650 1675 764 1745 movit3
785 1673 923 1755 factoque
943 1673 1169 1736 senatusconsul-

180 1767 223 1831 to,
235 1774 270 1821 ut
282 1763 387 1820 urbem
400 1757 580 1818 excederent
600 1754 714 1822 Volsci,
734 1775 888 1836 praecones
909 1755 1110 1823 dimittuntur,
1129 1750 1169 1831 qni

181 1861 285 1901 omnes
306 1859 357 1900 eos
381 1835 529 1918 proficisci
550 1842 620 1895 ante
634 1842 752 1894 noctem
769 1837 919 1914 juberent
961 1837 1072 1925 Ingens
1092 1849 1169 1914 pavor

180 1921 276 2001 primo
288 1919 492 1978 discurrentes
506 1915 544 1974 ad
566 1933 635 1973 suas
648 1933 696 1974 res
710 1914 857 1974 tollendas
871 1914 901 1972 in
928 1914 1056 1995 hospitia
1077 1929 1168 1993 percu·

180 1999 226 2060 lit.
287 1994 550 2057 Proficiscentibus
570 1993 681 2052 deinde
699 1993 874 2074 ,indignatio
894 1995 1015 2052 oborta:
1050 2003 1067 2028 “
1080 1993 1127 2059 Se,
1144 1994 1169 2046 ut

178 2076 400 2141 consceleratos
413 2072 700 2151 contaminatosque,
714 2075 750 2132 ab
763 2073 853 2142 ludis,
866 2071 950 2134 festis
965 2073 1080 2141 diebus,
1100 2075 1168 2132 coetu
1186 2101 1189 2108 ·

181 2157 398 2240 quodammodo
411 2154 563 2214 hominum
586 2154 783 2244 lleorurnque,
798 2157 917 2213 abactos
931 2155 1029 2214 esse.’'
1121 2216 1125 2222 ,
1212 2181 1213 2192 ¹

221 2237 397 2299 XXXVIII.
419 2234 518 2308 Quum
539 2253 630 2313 prope
651 2241 825 2293 continuato
845 2235 962 2313 agmine
985 2235 1073 2302 irent,
1102 2248 1168 2312 pra·
1211 2199 1213 2278 l

181 2338 301 2402 gressus
321 2314 432 2380 Tullus
452 2313 492 2373 ad
518 2320 610 2391 caput
630 2312 834 2380 Ferentinum,
855 2321 890 2371 ut
910 2313 1038 2392 quisque
1059 2309 1168 2372 veniret,

180 2400 325 2491 primores
338 2414 440 2455 eorum
454 2392 615 2471 excipiens,
633 2393 788 2468 querendo
808 2389 1061 2472 indignandoque,
1081 2397 1111 2450 et
1128 2403 1168 2446 eos

181 2499 262 2570 ipsos
276 2475 381 2537 sedulo
395 2473 551 2533 audientes
564 2469 698 2529 secunda
717 2470 770 2530 irae
786 2471 885 2538 verba,
907 2477 938 2529 et
950 2491 1004 2550 per
1018 2491 1068 2532 eos
1081 2464 1168 2530 multi-

182 2557 340 2618 trtudinem
352 2553 441 2614 aliam
454 2553 487 2610 in
507 2552 674 2630 subjectum
689 2550 747 2609 vise
769 2569 905 2630 campum
918 2551 1052 2613 deduxit.
1092 2547 1131 2608 lbi
1143 2543 1167 2602 in

181 2636 333 2696 concionis
358 2634 478 2691 modum
494 2631 657 2689 orationem
673 2649 802 2699 exorsus,
824 2631 978 2689 “Veteres
1000 2628 1100 2712 populi
1119 2627 1167 2684 llu-

181 2714 262 2776 mani
282 2713 417 2792 injurias,
431 2711 592 2788 cladesque
612 2709 711 2790 gentis
732 2709 917 2779 Volscorum,
938 2717 972 2769 ut
993 2708 1119 2776 omnia‚”
1131 2703 1167 2761 in·

180 2795 256 2874 quit,
289 2788 530 2850 “obliviscamini
571 2787 640 2858 alia,
673 2789 845 2853 hodiernam
873 2789 949 2849 hanc
971 2785 1167 2850 contumeliam

181 2894 240 2954 quo
254 2873 375 2932 tandem
390 2867 604 2944 animofertis,
624 2875 684 2946 qul
706 2889 759 2948 per
780 2875 909 2928 nostram
930 2869 1118 2952 ignonimiam
1130 2863 1167 2918 lu·

181 2955 236 3014 dos
257 2950 453 3011 commisere?
485 2952 535 3008 An
554 2967 616 3006 uon
636 2947 783 3018 sensistis,
803 2947 1016 3042 triumphatum
1037 2945 1120 3009 hodie
1138 2939 1167 2996 dt

180 3033 263 3093 uirbis
283 3031 371 3091 esse?
405 3029 467 3089 Vos
481 3028 626 3096 omnibus,
647 3027 771 3097 civibus,
790 3031 963 3110 peregrinis,
985 3037 1029 3092 tot
1049 3017 1167 3086 finitimis

179 3112 307 3194 populis,
321 3110 494 3192 spectaculo
509 3111 652 3185 abeuntes
666 3109 781 3168 fuisse?
808 3105 931 3166 Vestras
945 3109 1094 3186 conjuges,
1113 3116 1167 3158 ves·

181 3200 244 3251 tros
257 3193 366 3250 liberos
379 3190 534 3250 traductos
549 3209 603 3278 per
614 3207 667 3246 ora
687 3183 858 3246 hominum?
880 3185 959 3260 Quid
981 3207 1042 3255 eos,
1056 3182 1106 3263 qui
1125 3195 1168 3238 au·

183 3272 285 3331 divere
307 3291 409 3330 vocem
430 3267 604 3348 praeconis?
638 3265 720 3345 quid,
740 3263 791 3343 qui
813 3285 865 3324 vos
886 3265 988 3346 yidere
1017 3253 1168 3325 abeuntes?

181 3351 255 3430 quid
270 3371 330 3418 ene,
343 3351 396 3428 qui
410 3349 477 3408 huic
492 3345 686 3427 ignominioso
700 3344 808 3444 agmini
822 3345 906 3406 luere
917 3345 1003 3415 obvii,
1015 3341 1169 3405 existimas·

182 3452 214 3491 se
228 3430 364 3511 putatis?
399 3428 456 3486 nisi
470 3425 590 3508 aliquod
605 3423 744 3505 profecto
754 3425 837 3486 nefas
852 3447 927 3494 esse,
941 3446 1009 3504 quo,
1025 3425 1049 3484 si
1063 3413 1169 3503 intersi-

181 3530 248 3570 mus
262 3509 444 3588 spectaculo,
458 3505 597 3565 violaturi
620 3504 713 3563 simus
726 3505 821 3575 ludus,
835 3504 1045 3586 piaculumque
1061 3499 1170 3563 neritu-
1209 3535 1211 3578 l

182 3591 225 3648 ri:
266 3589 334 3647 ideo
361 3607 415 3646 nos
449 3589 486 3645 ab
517 3585 588 3644 sede
622 3584 755 3664 piorum,
778 3595 870 3652 catu,
891 3586 1075 3664 concilioque
1096 3569 1170 3653 abigi·
1210 3619 1211 3646 r

182 3667 273 3742 Quid,
293 3667 425 3726 deinde?
446 3664 521 3723 illud
544 3685 603 3723 non
617 3665 774 3732 succurrit,
795 3664 894 3724 vivere
908 3685 971 3736 nos,
986 3664 1069 3744 quod
1084 3665 1170 3718 matu·

184 3747 308 3806 emimus
322 3743 491 3826 proficisci?
519 3744 544 3801 si
564 3745 618 3803 ho'c
640 3743 793 3823 profectio,
814 3753 844 3803 et
865 3765 923 3804 non
944 3747 1011 3826 luga
1032 3749 1086 3802 est.
1138 3731 1171 3789 El

183 3827 257 3885 nanc
271 3829 375 3891 urbem
395 3844 447 3885 vos
461 3842 522 3884 non
533 3822 663 3911 luostiunr
677 3823 795 3894 ducitis,
808 3823 867 3896 ubi,
881 3826 906 3885 si
921 3845 1012 3886 unum
1025 3821 1104 3884 diem
1116 3830 1170 3874 rue·
