2634 4392
1036 145 1040 152 ’
1114 147 1129 151 ”
1191 145 1222 188 ’Ἴ

95 262 98 406 l
311 287 314 291 ’
421 247 429 393 s
558 267 690 365 ursuli
703 293 729 363 1.
1087 297 1145 384 ,ss
1221 291 1222 360 ζ

143 467 226 536 terro,
238 464 315 546 igni,
328 478 508 557 quacunque
520 455 630 523 dehinc
642 461 673 522 ri
684 451 1069 544 possin,exsequuturum;
1087 481 1146 526 nec
1221 445 1222 486 3

142 547 215 616 illos,
228 566 292 607 nec
305 545 398 611 alium
431 563 578 622 uenquarn
592 561 718 623 regnare
729 543 831 601 Rome
841 543 1030 621 passurum.”
1071 543 1146 604 Cul·
1221 601 1222 620 ,

144 634 217 687 trum
240 625 355 686 deinde
376 564 528 685 Cdllntino
547 622 659 694 tradit;
698 621 769 684 inde
795 621 938 682 Lucretio
959 643 995 683 ao
1016 623 1147 697 Valerio,
1221 651 1222 680 Τ

143 706 334 788 stupentibus
346 742 350 757 ι
361 704 505 767 miraculo
517 702 571 773 rei,
590 701 674 764 unde
695 721 803 763 novum
818 701 849 762 in
865 701 951 762 liniti
964 711 1086 784 pectore
1099 705 1148 765 in-

141 786 272 867 genium.
313 785 358 844 Ut
372 789 554 866 preceptum
568 783 774 864 eratjurantr
794 781 908 862 totique
923 781 959 842 ab
979 783 1065 844 luctu
1079 805 1148 845 rer·
1221 791 1222 796 ’

142 867 167 926 si
177 867 210 926 in
217 865 307 936 iram,
315 865 454 934 Brutum,
459 865 523 944 jam
531 863 603 923 inde
612 862 651 923 ad
664 863 894 944 expugnandum
902 881 1026 956 regnum
1036 884 1148 926 rocon·
1221 889 1222 914 1

141 953 212 1015 tem,
224 952 396 1027 sequuntur
414 945 533 1005 ducem.
574 943 695 1006 Elatum
713 943 801 1002 domo
822 943 972 1004 Lucretue
987 961 1094 1025 corpus
1115 945 1147 1006 in
1221 947 1222 986 ἓ

139 1025 234 1086 forum
249 1025 401 1094 deferunt,
422 1023 621 1102 concientque
640 1019 794 1090 miraculo,
815 1027 849 1081 ut
869 1018 912 1089 lit,
933 1023 976 1082 rei
996 1041 1080 1084 nouae
1101 1031 1148 1086 at·
1221 1019 1222 1028 ’

138 1125 196 1185 que
209 1105 395 1187 indignitate
415 1103 568 1169 honiinesz
602 1122 656 1183 pro
669 1121 702 1162 se
718 1101 845 1196 quisque
864 1100 963 1162 scelus
984 1123 1016 1162 re
1037 1103 1096 1164 'um
1112 1125 1148 1166 ac

141 1184 197 1244 viro
211 1193 395 1266 queruntur.
446 1183 554 1245 Movet
572 1189 637 1242 tum
656 1187 751 1264 patna
772 1179 925 1249 moestitia,
939 1189 1003 1242 tum
1032 1191 1148 1260 strutus,
1221 1189 1222 1198 ’

140 1264 305 1348 castigator
325 1263 513 1327 lacrimarum
534 1269 626 1342 utque
647 1261 789 1322 inertium
810 1255 1008 1340 querelarum,
1028 1269 1149 1324 auctor·
1221 1285 1222 1330 1

140 1363 203 1424 qne,
218 1346 308 1426 quod
329 1345 417 1414 viros,
437 1344 515 1425 quod
532 1345 682 1404 Romanos
695 1341 826 1411 deceret,
840 1357 921 1402 arina
936 1341 1074 1424 capiendi
1093 1344 1148 1404 ud·
1221 1347 1222 1372 ³

139 1443 246 1486 sersus
268 1422 389 1486 hostilia
401 1443 498 1484 susos.
538 1422 752 1485 Feracissimus
765 1421 892 1502 quisque
909 1423 1056 1502 juvenum
1078 1443 1148 1486 cum
1197 1481 1222 1500 ,η

139 1503 435 1565 annis.voluntarius
448 1504 554 1565 edecta
585 1523 617 1564 se
639 1502 722 1564 uitur
735 1510 766 1564 et
780 1499 1055 1584 caeternjuventus.
1096 1505 1148 1566 In-

138 1582 183 1654 de,
196 1583 272 1665 pari
298 1583 436 1665 presidio
449 1585 554 1646 relicto
578 1523 715 1645 Collatie
730 1582 766 1644 sd
789 1589 899 1662 portas,
914 1581 1149 1665 custodibusque

135 1662 226 1734 datis,
242 1683 283 1724 ne
297 1663 365 1744 quis
378 1670 579 1725 summotum
593 1663 711 1743 regibus
732 1656 899 1732 nunciaret,
913 1664 1018 1724 caeteri
1031 1664 1148 1742 armati,
1221 1691 1222 1698 ¹

139 1741 216 1804 duce
232 1745 341 1813 Bruto,
363 1742 490 1804 Romam
504 1741 638 1822 profecti.
680 1739 741 1800 Ubi
755 1742 790 1800 eb
805 1749 928 1802 ventum
943 1751 998 1812 est,
1012 1763 1148 1826 quacun·
1221 1747 1222 1752 ’

139 1841 197 1900 que
212 1823 340 1892 incedit,
353 1828 469 1884 minata
483 1820 643 1882 multitudo
660 1839 800 1913 pavorem
822 1839 856 1880 ac
878 1819 1039 1883 tumultum
1053 1823 1148 1886 lacit:

139 1919 257 1973 rursus,
277 1903 328 1966 ubi
348 1902 463 1964 anteire
485 1900 626 1983 primores
648 1901 779 1962 crvitntis
800 1900 914 1970 vident,
928 1901 1073 1982 quicquid
1099 1906 1148 1980 sit,

140 1978 220 2041 hand
235 1984 350 2046 temere
370 2001 436 2044 csse
450 1990 563 2043 rentur.
604 1982 672 2042 Nec
694 1980 840 2042 minorem
851 1979 965 2042 motum
979 1983 1147 2048 animorum

140 2058 248 2123 Romae
263 2069 326 2123 tam
347 2069 432 2122 atrox
440 2081 489 2121 res
508 2060 590 2128 facit,
601 2062 691 2139 quim
703 2060 842 2122 Collatiae
857 2060 979 2122 fecerat.
1018 2063 1098 2143 Ergo
1109 2087 1148 2126 cx

140 2141 281 2201 omnibus
293 2139 369 2199 locis
381 2139 463 2198 urbis
476 2139 508 2198 in
532 2139 628 2199 lorum
649 2139 789 2198 curritur.
840 2140 907 2212 Qut·
921 2139 1007 2200 simul
1023 2153 1146 2206 ventum

142 2226 193 2289 est,
216 2225 324 2300 praeco
343 2218 381 2278 ad
403 2217 553 2277 tribunum
574 2216 724 2284 Celerum,
755 2217 787 2276 in
827 2238 867 2276 uo
886 2226 949 2278 tum
971 2223 1146 2302 magistratu

142 2296 218 2360 lorte
228 2300 344 2373 Brutus
358 2302 432 2366 erat,
446 2297 588 2378 populum
600 2294 767 2356 advocavit.
792 2235 853 2356 lbi
868 2298 961 2359 oratio
975 2299 1082 2373 habita,
1093 2325 1147 2366 ne·

142 2396 295 2458 quaquam
315 2376 523 2458 ejuspectoris
543 2373 725 2468 ingeniique,
760 2375 819 2436 uod
834 2376 1007 2438 simulatum
1020 2382 1057 2440 ad
1080 2404 1146 2446 eam

142 2455 220 2518 diem
235 2459 344 2526 fumat,
357 2458 395 2518 de
409 2457 440 2517 vi
453 2477 488 2518 sc
502 2456 626 2516 libidine
655 2456 724 2514 Sex.
769 2456 910 2534 arquinii,
924 2457 962 2518 de
984 2467 1086 2556 stupro
1100 2465 1146 2524 in.

143 2533 233 2598 fando
254 2537 407 2598 Lucretiae
432 2543 464 2598 et
476 2534 637 2597 miserabili
651 2535 747 2606 caede,
771 2535 809 2598 da
823 2537 948 2598 orbitate
962 2539 1146 2622 Tricipitini,

144 2617 190 2676 cui
211 2626 308 2680 morte
322 2617 394 2678 liliae
409 2637 498 2678 causa
512 2615 615 2678 mortis
628 2613 777 2695 indignior
787 2635 823 2675 ac
838 2617 1032 2680 miserabilior
1045 2633 1145 2699 esset3
1221 2641 1222 2662 l

146 2696 246 2758 addita
265 2696 414 2778 superbia*
425 2697 518 2778 ipsius
537 2697 625 2777 regis,
646 2695 746 2755 miseri
754 2715 831 2774 uque
855 2705 887 2758 et
900 2698 1015 2760 labores
1040 2703 1145 2782 plebis,
1221 2727 1222 2776 s

145 2771 173 2832 in
187 2777 283 2838 fossas
298 2778 474 2857 cloacasque
486 2775 702 2838 exhauriendos
712 2776 868 2836 demersae.
921 2779 1069 2842 Romnum
1092 2783 1146 2846 ho.

145 2855 249 2926 nnec,
263 2857 390 2916 victores
404 2857 536 2918 omnium
548 2856 626 2917 circ)
663 2876 681 2914 o
701 2856 826 2924 ulnrum,
847 2857 969 2934 opifices
989 2881 1025 2921 ac
1040 2863 1145 2944 lapici-
1221 2865 1222 2922 Ξ

147 2933 196 2994 das
217 2958 274 3018 pro
286 2935 478 2996 bellatoribus
490 2935 596 2995 iactos.
617 2988 622 2997 ,
636 2877 764 3015 lnrllgna
789 2937 853 2996 Ser.
867 2937 963 2998 Tullii
990 2942 1068 3022 regis
1081 2965 1143 3006 me·
1221 2933 1222 2980 ³

147 3025 256 3078 morata
278 3015 387 3084 caedes,
408 3021 441 3073 et
458 3015 579 3074 invecta
598 3013 713 3094 corpori
743 3016 838 3096 patris
859 3019 996 3080 nefando
1008 3022 1144 3088 vehiculo
1221 3015 1222 3048 ³

148 3091 225 3167 ilia3
256 3094 448 3174 invocatique
460 3095 572 3154 ultores
591 3101 747 3173 parentum
763 3095 823 3154 Dii.
866 3097 922 3157 llis
936 3100 1143 3167 atrocioribus·
1221 3101 1222 3106 '

147 3193 212 3252 que,
226 3175 324 3244 credo,
344 3174 421 3243 aliis,
434 3193 504 3252 quae
530 3192 663 3254 praesens
685 3191 781 3232 rerum
805 3173 967 3256 indignitas
987 3179 1141 3262 haudqua-
1221 3195 1222 3234 l

147 3271 234 3331 quam
247 3256 344 3316 relatu
365 3253 559 3334 scriptoribus
578 3252 680 3313 facilia
694 3254 824 3334 subjicit,
844 3258 1025 3330 memoratis,
1036 3261 1141 3326 incen-
1221 3249 1222 3280 ³

148 3351 207 3395 sam
221 3335 442 3396 multitudinem
457 3354 494 3414 pe
532 3333 644 3402 ulit-ut
657 3332 814 3426 imperium
828 3335 889 3418 regi
903 3340 1066 3422 abrogaret,
1090 3329 1141 3406 ox.
1221 3321 1222 3376 l

150 3416 286 3494 salesque
300 3435 366 3475 esse
375 3415 496 3494 juberet
537 3456 546 3472 .
560 3408 759 3492 Tarquinium
770 3435 839 3475 cum
849 3418 1019 3500 conjugere
1030 3422 1141 3486 liberis.
1221 3431 1222 3496 ζ

150 3489 163 3550 l
216 3493 410 3576 ,junioribus
423 3493 475 3573 (pri
489 3493 568 3553 altri
578 3491 699 3557 nomina
713 3494 832 3564 dabant,
846 3495 933 3558 lectis
947 3502 1139 3582 onustisque,
1221 3563 1222 3570 ,

150 3591 165 3631 a
197 3571 404 3634 concitandum
425 3571 496 3633 inde
509 3573 652 3634 adversus
666 3594 765 3656 regern
779 3576 943 3636 exercitum
956 3581 1087 3642 Ardeam
1108 3584 1140 3648 in
1221 3619 1222 3624 κ

150 3663 245 3716 castra
253 3659 307 3714 est
318 3653 488 3733 prolectus3
509 3651 664 3733 imperium
684 3652 716 3714 in
729 3655 801 3722 urbe
822 3657 974 3726 Lucretio,
995 3661 1140 3740 pr1fecto

153 3734 225 3794 urbis
253 3737 317 3814 jam
338 3733 407 3791 unte
426 3735 464 3792 ab
483 3751 553 3813 rege
585 3731 732 3803 instituto,
752 3734 902 3814 relinquit
956 3739 1040 3800 Inter
1060 3741 1139 3806 hunc
1221 3771 1222 3776 ¹

152 3813 305 3878 tumultum
327 3811 431 3873 Tullia
448 3813 537 3874 domo
565 3811 705 3895 profugit,
735 3815 969 3910 exsecrantibus,
1001 3827 1151 3904 quaem).⁸
1221 3847 1222 3858 κ
