2634 4392
571 273 704 356 LIBRI}
715 272 753 332 V.
874 327 876 334 ,
1091 274 1153 354 255

198 432 371 500 xxxvn:
378 434 479 509 Quum
486 437 578 496 una
590 434 686 496 moles
698 385 771 493 mali
792 415 931 502 instaret,
954 428 1041 511 (odeo
1058 447 1171 514 ocem--

158 522 208 578 cat
219 516 333 578 animos
345 515 474 586 fortune,
500 514 552 575 ubi
571 513 632 574 vim
652 533 737 590 suam
750 511 936 592 ingruentem
956 507 1079 592 refringi
1099 529 1160 570 non

157 596 234 678 vult)
251 596 368 665 civitas,
387 614 457 675 quae
471 593 616 657 adversus
630 593 807 662 Fidenatem
818 611 854 652 ac
867 591 1025 670 Vejentem
1044 591 1161 650 hostem

153 674 292 756 'aliosque
305 673 452 737 finitimos
461 673 593 756 populos,
602 672 710 734 ultima
723 669 880 754 experiens
893 668 1013 740 auxilio,
1031 667 1160 741 dictato·

156 774 223 814 rem
236 754 341 815 multis
351 753 580 836 tempestatibus
592 752 721 814 dixisset
734 772 744 823 ς
763 771 801 812 ea
813 757 895 820 tunc,
906 748 1058 812 inuisitato
1066 757 1161 828 etque
1231 817 1232 822 η

156 833 294 896 inaudito
318 833 401 895 hoste
415 837 452 895 ab
466 853 577 899 oceano
599 839 805 910 terrarumque
828 829 942 892 ultimis
967 827 1025 890 oris
1050 829 1163 890 bellum
1231 875 1232 878 ι

158 912 267 984 ciente,
295 911 372 984 amit
405 910 631 979 extraordinarii
664 911 782 992 imperii
809 916 862 974 ont
885 906 989 972 auxilii
1012 907 1162 992 quaesivit.
1231 965 1232 970 ,

156 992 297 1065 Tribuni,
321 1014 446 1073 qnorum
466 993 635 1055 temeritate
645 991 759 1059 ¹bellum
783 995 968 1053 contractum
983 994 1058 1058 erat,
1079 1008 1159 1048 sum·
1231 1023 1232 1026 =

157 1092 218 1137 mae
245 1093 342 1133 rerum
391 1078 544 1136 rae'erant:
565 1073 777 1150 delectumque
800 1069 903 1136 ,nihilo
937 1068 1162 1139 accuratiorem,

156 1153 250 1231 quim
264 1155 303 1214 ad
316 1172 345 1213 m
386 1155 415 1214 io
427 1154 507 1213 tuella
517 1152 618 1214 haberi
630 1151 739 1213 solitus
753 1149 1049 1230 erut-(extenuantes
1071 1147 1162 1210 etiem

155 1231 265 1294 famem
290 1233 373 1316 belli)
394 1234 549 1296 habebunt.
590 1230 719 1293 Interim
733 1229 824 1299 Gelli,
860 1239 994 1309 ostquam
1008 1248 1161 1310 accepere,

94 1360 99 1369 .
156 1311 236 1372 ultro
248 1311 390 1376 honorem
403 1313 536 1374 habitum
549 1310 742 1372 uiolatoribus
751 1309 829 1401 iuris
837 1249 973 1378 lumeni,
986 1305 1160 1388 elusamque

155 1391 338 1475 legationem
364 1411 448 1454 suam
470 1411 546 1460 esee,
568 1391 731 1471 flagrantes
757 1395 813 1458 uri,
836 1388 922 1474 cujus
946 1387 1094 1468 impotens
1113 1393 1162 1450 est
1208 1387 1232 1420 ·'

153 1490 240 1552 gens,
253 1471 411 1531 confestim
425 1469 518 1552 signis
532 1468 694 1538 convulsis,
714 1468 805 1544 citato
817 1469 934 1560 agmine
953 1466 1009 1530 iter
1029 1465 1162 1551 ingredi·

154 1556 259 1610 untur.
283 1551 351 1611 -Ad
364 1569 491 1629 quorum
502 1545 748 1631 prsetereuntium
772 1556 878 1628 raptim
892 1549 1053 1608 tumultum
1066 1568 1161 1628 quum

156 1629 311 1703 exterrita
334 1633 422 1692 urbes
446 1631 484 1690 ad
498 1634 818 1696 armnconcurrerent,
844 1627 975 1708 fugaque
998 1629 1161 1708 agrestium

155 1709 254 1778 tieret,
267 1711 393 1774 Romam
406 1728 439 1769 se
452 1708 507 1781 ire,
520 1728 625 1789 magno
640 1708 768 1786 clamore
779 1707 1004 1790 significabant3
1025 1727 1159 1800 quacun·

156 1808 220 1866 que
230 1787 325 1858 ibant,
345 1787 430 1868 equis
444 1789 575 1868 uirisque
587 1789 672 1868 longe
693 1808 728 1847 oc
743 1787 802 1848 latri
817 1786 882 1848 fuso
904 1786 1020 1867 agmine
1034 1807 1162 1849 immune

154 1886 225 1928 sum
249 1867 415 1928 obtinentes
442 1864 500 1931 loci
550 1868 620 1936 Sed,
646 1867 846 1928 antecedente
872 1866 952 1926 sarred
979 1866 1159 1948 nunciisque
1187 1923 1190 1930 .

156 1946 361 2015 Clusinorum,
388 1949 530 2027 deinceps
552 1947 626 2009 inde
645 1948 770 2020 aliorum
786 1948 970 2028 populorum,
995 1947 1158 2028 plurimum

155 2029 280 2086 terroris
298 2027 418 2086 Romam
432 2029 570 2089 celeritas
583 2026 802 2087 hostium'tulit
815 2026 955 2108 ;.quippe
969 2025 1085 2106 quibus,
1105 2049 1159 2090 ue·

143 2105 206 2185 ‘lut
217 2108 410 2168 tumultuario
424 2107 557 2167 exercitu
576 2107 687 2186 raptim
699 2105 799 2173 ducto,
816 2107 893 2188 aegrd
915 2107 953 2166 ad
969 2105 1158 2170 undecimum

154 2185 290 2264 lapidem
304 2206 460 2247 occursum
474 2193 530 2256 est,
554 2193 615 2266 qut
628 2185 738 2245 fiumen
753 2185 845 2252 Allia,
858 2185 1059 2248 Crustuminis
1074 2208 1159 2248 mon·

154 2264 240 2326 tibus
250 2266 373 2346 praealto
392 2265 529 2327 defluens
542 2267 638 2335 alveo,
650 2265 729 2325 houd
742 2264 869 2326 multum
881 2264 960 2327 iufra
974 2265 1051 2326 viam
1067 2268 1158 2327 Tibe·

154 2342 226 2406 rino
252 2347 330 2406 amni
345 2346 498 2410 miscetur.
535 2347 605 2424 lom
625 2345 725 2406 omnia
745 2345 849 2406 contri
871 2343 1010 2424 circique
1030 2345 1159 2408 hostium

154 2425 251 2505 plena
264 2436 359 2496 eraut,
372 2435 402 2486 et
415 2439 486 2492 nata
496 2425 528 2486 in
544 2445 635 2486 vanos
647 2426 795 2486 tumultus
809 2444 891 2506 gene,
902 2424 980 2486 truci
991 2432 1081 2488 cantu
1096 2427 1160 2488 cla-

154 2503 350 2582 moribusque
362 2505 463 2572 variis
473 2505 620 2566 horrendo
631 2513 743 2564 cuncta
755 2505 977 2588 compleverant
990 2505 1077 2566 sono(

201 2585 378 2644 XXXthl.
402 2584 445 2645 lbi
458 2586 569 2650 tribuni
580 2583 719 2654 militum,
731 2604 792 2644 non
804 2581 871 2646 loco
886 2585 992 2646 castris
1005 2587 1075 2648 antd
1087 2607 1159 2669 cap·

153 2670 199 2730 to,
215 2682 272 2724 non
286 2665 466 2743 praemunito
490 2666 579 2734 vallo,
602 2665 664 2743 qud
676 2681 816 2745 receptus
840 2673 929 2735 esset,
953 2685 1012 2726 non
1026 2667 1157 2730 Deorum

153 2744 275 2814 saltem,
287 2745 316 2803 ‘si
330 2764 388 2804 non
403 2745 730 2820 hominum„memores,
744 2761 800 2806 nec
814 2745 975 2824 auspicato,
993 2767 1047 2808 nee
1062 2747 1163 2819 liteto,

154 2824 314 2883 instruunt
327 2825 420 2884 aciem
435 2825 595 2885 deductam
614 2825 647 2884 in
661 2844 781 2893 contrua,
807 2845 844 2884 ne
859 2826 1067 2888 circumveniri
1081 2829 1160 2888 mul·

152 2904 289 2964 titudine
302 2902 429 2962 hostium
443 2894 587 2984 pressent3
607 2924 666 2962 nec
688 2910 788 2966 tumen
812 2904 924 2982 aequari
947 2905 1061 2966 frontes
1075 2913 1160 2986 p‘otc·

106 3038 109 3042 .
157 2991 344 3060 rerutquum
355 2983 544 3043 extenuando
553 2981 701 3042 infirmum
715 2990 746 3042 et
759 2983 809 3042 uix
820 2983 1017 3047 cohoerentem
1031 2987 1161 3048 mediam
1230 3045 1231 3050 ,

154 3061 255 3124 aciem
269 3062 420 3123 harberent.
460 3061 678 3131 Paullmnerat
697 3065 734 3122 ab
746 3061 871 3124 dextere
891 3063 963 3124 editi
976 3064 1052 3133 loci,
1070 3085 1160 3158 quem
1230 3081 1231 3086 ’

154 3140 345 3203 subsidiariis
359 3140 466 3221 repleri
484 3141 599 3222 placuit
612 3162 622 3212 3
642 3162 738 3222 eoque
752 3163 808 3212 reo,
821 3151 856 3204 ut
869 3143 985 3204 initium
996 3164 1114 3224 pavone
1123 3165 1160 3206 uc

156 3221 253 3302 fuget,
276 3220 320 3278 sic
336 3220 489 3282 unoculus
510 3221 690 3314 fugientibus
704 3219 771 3294 luit,
811 3223 890 3282 Nam
913 3224 1059 3293 Brennus,
1073 3245 1160 3309 regu·

156 3300 210 3359 lus
225 3299 389 3368 Gallorum,
415 3301 447 3360 in
470 3311 620 3382 paucitate
642 3301 772 3364 hostium
786 3310 880 3362 artem
895 3303 1021 3364 irruximt
1042 3305 1161 3377 timens,

156 3390 246 3440 ratus
259 3377 298 3438 ad
309 3380 340 3440 id
350 3392 472 3462 captum
486 3381 665 3462 superiorem
677 3383 786 3450 locum,
797 3387 839 3455 ut,
854 3381 904 3442 ubi
918 3382 1081 3447 Gallicum
1095 3386 1161 3459 acie

155 3458 309 3540 legionum
324 3467 408 3521 recti
429 3460 527 3522 fronte
548 3460 822 3530 concucurrissent,
850 3461 1026 3524 subsidiain
1041 3485 1161 3536 aversos

155 3544 408 3618 mensversosque
427 3543 571 3622 impetum
592 3542 709 3612 darent,
735 3541 771 3602 ud
788 3541 980 3604 subsidiarios
993 3541 1077 3637 signa
1090 3567 1161 3608 con-

94 3634 97 3639 '
156 3619 278 3678 uertitz
297 3619 322 3680 ei
338 3639 389 3680 eos
401 3620 470 3683 loco
481 3619 656 3702 depulisset,
669 3619 746 3681 haud
764 3620 880 3694 dubius,
893 3621 1013 3684 facilem
1027 3643 1058 3684 ιιι
1075 3643 1099 3686 ae
1123 3646 1162 3686 uo

158 3696 259 3781 campi
284 3703 400 3760 tentum
423 3699 575 3781 superanti
595 3700 781 3762 multitudini
809 3701 964 3768 victoriam
978 3699 1066 3775 fore;
1127 3725 1163 3764 eo

158 3795 224 3837 non
234 3777 354 3840 fortuna
365 3779 460 3849 modo,
474 3781 525 3839 sed
541 3779 617 3840 ratio
631 3780 731 3851 etiam,
751 3801 820 3842 cum
832 3783 963 3844 barbaris
977 3785 1083 3845 stabat.
1119 3783 1162 3846 ¹In

160 3855 260 3920 alteru
272 3859 337 3922 acie
351 3858 425 3921 nihil
436 3860 557 3998 simileY
549 3859 703 3930 Romanis,
715 3881 776 3921 non
786 3863 870 3942 'upud
891 3861 994 3933 duces,
1007 3881 1068 3948 uon
1081 3863 1161 3946 opud
