2634 4392
561 331 692 394 orosa
704 333 731 394 1.
876 301 937 401 ,’
1106 338 1145 393 45
1229 322 1230 375 3

137 501 259 560 ilintate
280 499 328 557 est
346 513 405 564 res,
418 493 500 574 qubd
513 492 601 554 isthic
622 513 692 554 cum
703 489 829 574 ignavia
852 494 899 552 est
916 492 1026 553 scelus.
1056 489 1146 568 Quin

138 573 335 660 accingeris?
368 575 440 635 Non
450 572 504 636 tibi
517 576 553 634 ab
567 573 720 644 Corintho,
733 592 788 634 nec
802 573 839 632 ab
851 570 1034 652 Tarquiniis,
1046 577 1081 632 nt
1094 591 1147 652 pa·

140 658 179 718 tri
193 663 259 725 tuo,
277 654 431 738 peregrina
444 673 535 748 regna
554 653 653 714 moliri
665 673 790 723 necesse
813 656 869 712 est.
907 651 959 712 Dii
979 659 1011 712 te
1023 657 1148 734 penates
1229 680 1230 683 ¹

139 737 302 820 patriique,
324 741 355 795 et
368 733 462 816 patris
485 753 591 814 mauge,
605 736 637 792 et
660 732 766 794 domus
787 731 880 813 regia,
889 737 921 792 et
933 731 965 791 in
988 731 1077 792 domo
1100 750 1148 792 re-

138 817 212 898 gale
225 815 344 884 solium,
357 820 388 875 et
407 833 515 874 nomeu
539 811 738 892 Tarquinium
763 818 845 872 creat
867 819 1015 890 vocatque
1038 815 1148 893 regem.

140 900 213 958 Aut
230 891 307 956 si‘ad
321 893 388 956 baec
403 913 508 976 parum
521 899 569 973 est
582 892 693 961 animi,
709 893 782 971 quid
796 890 949 952 frustreris
960 889 1149 967 civitatem?
1229 922 1230 925 =

163 974 220 1035 uid
233 981 262 1035 te
281 979 316 1035 ut
336 973 449 1058 regium
466 972 609 1053 juvenem
636 972 770 1053 conspici
793 971 885 1030 sinis?
928 973 1055 1032 Facesse
1078 969 1148 1030 binc
1229 1040 1230 1045 ἵ

139 997 337 1146 Sl'arquiuios,
356 1061 409 1114 aut
430 1053 617 1113 Corinthum.
657 1052 826 1112 Devoluere
848 1051 928 1111 retrb
952 1050 991 1111 ad
1016 1050 1149 1130 stirpem,

141 1133 229 1194 fratn
250 1127 382 1203 similior,
396 1133 487 1214 quim
501 1130 610 1212 patri.”
652 1129 711 1192 His
723 1128 849 1210 aliisque
869 1130 1051 1210 increpando
1047 1132 1149 1269 ,poree

141 1234 213 1274 nem
227 1211 360 1294 instigat,
373 1233 429 1273 nec
444 1211 654 1292 conquiescere
666 1211 730 1292 ipsa
742 1216 861 1291 potest3
895 1209 929 1278 si,
943 1222 1035 1288 quum

142 1293 217 1372 quil,
242 1291 399 1373 peregrina
422 1292 538 1360 mulier,
561 1290 800 1352 tantum‘moliri
823 1289 970 1370 potuisset
984 1289 1092 1357 animo,
1114 1291 1151 1348 ut
1229 1322 1230 1337 κ

143 1373 203 1431 duo
217 1371 361 1431 continue
373 1391 464 1452 regna
476 1369 547 1441 viro,
566 1391 601 1431 ec
623 1371 766 1453 deinceps
789 1390 900 1452 genero
917 1369 1070 1438 dedisset;
1103 1366 1149 1449 ip-

143 1471 184 1520 sa,
199 1449 284 1530 regio
308 1449 421 1508 semine
434 1457 506 1520 orta,
520 1449 636 1510 nullum
649 1448 834 1510 momentum
845 1450 877 1508 in
901 1449 1000 1508 dando
1014 1448 1150 1509 adimen·
1229 1464 1230 1467 ’

141 1530 244 1608 doque
256 1547 346 1608 regnu
357 1526 476 1589 faceret.
497 1545 500 1551 ’
518 1528 576 1588 llis
588 1527 781 1588 muliebribus
795 1527 955 1589 instinctus
970 1526 1056 1587 furiis
1070 1526 1149 1586 Tar·

142 1608 266 1688 quinius
290 1607 446 1666 circumire
468 1612 499 1666 et
519 1623 671 1685 prensare,
694 1603 841 1662 minorum
863 1608 991 1663 maxime
1005 1606 1149 1687 gentium,

141 1688 268 1756 Patres3
299 1684 458 1745 admonere
471 1684 590 1762 paterni
596 1682 747 1749 beneficii,
761 1702 797 1740 ao
806 1701 863 1760 pro
873 1702 909 1741 eo
921 1685 1048 1762 gratiam
1063 1704 1149 1764 repe·
1229 1704 1230 1709 ¹

142 1774 225 1836 tere3
258 1763 380 1824 allicere
401 1761 487 1822 donis
501 1763 629 1841 juvenes
641 1781 649 1830 ;
683 1767 749 1820 tum
761 1759 800 1819 de
814 1780 847 1820 se
859 1761 990 1841 ingentia
1002 1763 1152 1854 pollicen-

143 1847 192 1916 do,
203 1852 267 1904 tum
280 1843 358 1926 regis
373 1840 545 1902 criminibus
556 1840 699 1901 'omnibus
713 1839 787 1900 locis
801 1859 957 1912 crescere;
988 1844 1148 1935 postremo,

142 1933 178 1986 ut
192 1928 256 2006 jam
270 1923 396 2006 agendae
410 1922 454 1984 rei
466 1929 584 2004 tempus
597 1921 695 1982 visum
709 1927 765 1991 est,
779 1921 906 2002 stipatus
920 1941 1038 2014 agmine
1051 1944 1149 1990 arma·
1229 1996 1230 1999 Ἴ

142 2012 251 2074 torum,
264 2003 406 2066 inferum
419 2002 526 2084 irrupit
534 2020 543 2073 ;
573 2001 654 2072 iude,
675 2003 811 2062 omnibus
826 2002 971 2082 perculsis
984 2020 1102 2083 pavore,
1115 2003 1148 2064 in
1229 2048 1230 2065 r

142 2085 224 2168 regia
238 2083 310 2144 sede
344 2103 377 2142 ro
391 2083 475 2142 curia
487 2082 605 2150 sedens,
619 2083 724 2141 Patres
738 2083 770 2140 iu
785 2083 895 2142 curiam
910 2100 965 2161 per
977 2103 1148 2162 praeconem

143 2165 180 2226 ad
202 2182 302 2243 regem
358 2177 390 2220 ar
412 2160 524 2219 oinium
546 2159 751 2238 cita‘rijussit
792 2162 970 2222 Convenere
990 2159 1150 2243 extemplo,

143 2245 193 2304 elii
203 2247 269 2324 jam
283 2240 353 2302 anti:
376 2181 413 2302 ab
428 2240 482 2300 hoc
506 2237 675 2320 preparati,
699 2238 750 2298 alii
771 2249 862 2308 metu,
884 2261 923 2301 ne
946 2261 1006 2301 uon
1029 2243 1148 2305 venisse

143 2323 241 2383 fraudi
255 2326 344 2388 esset,
358 2318 490 2379 novitate
503 2339 539 2380 ac
554 2317 697 2378 miraculo
710 2318 839 2388 attoniti,
853 2326 889 2378 et¹
903 2322 967 2400 jam
980 2321 1018 2381 cle
1043 2323 1148 2383 Servio

143 2405 244 2462 actum
256 2399 323 2460 rati.
364 2399 409 2459 Ibi
423 2398 616 2479 Tarquinius
631 2397 790 2461 maledicta
803 2402 841 2460 ab
854 2394 961 2482 stirpe'
970 2401 1076 2462 ultirna
1100 2423 1147 2462 or-

144 2502 211 2554 sus;
244 2491 262 2517 “
273 2479 407 2547 Servum,
422 2485 569 2558 servique
587 2488 699 2550 natum,
712 2486 917 2562 postmortem
930 2481 1081 2574 indignam
1095 2499 1147 2562 pa·

141 2559 235 2622 tentis
250 2561 306 2628 sui,
319 2561 376 2620 non
391 2557 569 2640 interregno,
594 2566 628 2619 ut
640 2568 737 2628 antea,
750 2560 835 2629 inito,
849 2581 909 2621 uon
923 2562 1052 2621 comitiis
1065 2561 1147 2622 habi·

100 2692 107 2703 .
142 2642 192 2709 tis,
210 2655 268 2700 uon
281 2659 335 2719 per
350 2639 520 2720 suffragium
535 2637 646 2720 populi,
660 2658 720 2699 uon
734 2641 904 2702 auctoribus
921 2640 1068 2710 Patribus,
1080 2661 1148 2701 mu·

144 2720 227 2780 liebri
241 2717 319 2779 dono
332 2739 455 2799 regnum
469 2725 643 2798 occuptsse,
684 2720 732 2780 lta
745 2727 858 2790 natum,
881 2720 926 2780 ita
946 2730 1076 2781 creatum
1098 2740 1147 2782 re·
1229 2790 1230 2793 Ἴ

144 2819 218 2881 gem,
233 2799 376 2859 fautorem
391 2797 485 2858 infimi
498 2800 616 2880 generis
629 2799 791 2870 hominum,
811 2821 851 2860 ex·
862 2820 921 2880 quo
934 2801 998 2881 ipse
1013 2801 1068 2871 sit,
1077 2801 1146 2862 odio
1229 2806 1230 2825 l

145 2880 249 2939 alienae
270 2878 434 2939 honestatis
458 2887 592 2958 ereptum
612 2879 788 2960 primoribus
813 2899 915 2961 agrum
940 2881 1147 2941 sordidissimo
1229 2906 1230 2909 ¹

145 2960 250 3038 cuique
274 2957 430 3027 divisisse3
464 2959 563 3018 omnia
586 2977 686 3027 onera,
710 2979 779 3038 quae
805 2960 973 3020 communia
993 2961 1147 3038 quondam
1229 2966 1231 3031 f

145 3037 261 3106 fuerim,
275 3037 440 3096 inclin⁵sse
451 3033 482 3096 iu
497 3036 639 3118 primores
654 3039 803 3109 ciuitatis3
832 3040 998 3099 institusise
1013 3060 1146 3110 censum,
1229 3052 1230 3063 ¹

144 3125 176 3176 ut
190 3117 243 3177 insi
265 3117 312 3178 nis
325 3115 363 3177 ad
378 3115 521 3176 invidiam
534 3115 764 3210 locupletiorum
774 3118 895 3177 fortuna
909 3126 996 3189 esset,
1010 3126 1042 3180 et
1059 3139 1146 3200 para·
1229 3168 1230 3175 ,

144 3203 181 3267 ta,
193 3137 281 3267 nucib
294 3197 344 3256 ubi
358 3197 458 3265 vellet,
473 3196 672 3278 egentissimis
683 3198 873 3280 largiretur.”
1151 3223 1155 3230 ·

182 3275 329 3338 XLVlll.
351 3275 432 3336 Huic
447 3275 572 3350 orationi
598 3277 719 3338 Servius
740 3298 834 3358 quum
845 3276 1065 3349 intervenisset,
1086 3286 1165 3342 tre-¹

86 3387 88 3396 ι
142 3357 212 3438 pido
236 3357 347 3418 nuncio
361 3356 529 3426 excitatus,
548 3365 648 3418 ‘extem
671 3357 700 3416 lo
724 3359 741 3416 εἰ
763 3357 909 3418 vestibulo
928 3359 1019 3418 cariae
1040 3367 1148 3441 magne

143 3457 227 3506 uoce,
257 3437 360 3509 “Quid
382 3437 470 3504 hoc,'’
492 3435 598 3515 iuquit,
622 3449 639 3474 “
682 3437 809 3516 arquini,
822 3435 866 3498 rei
880 3439 948 3497 est?
970 3445 1032 3518 qua
1045 3447 1079 3499 tu
1093 3458 1147 3500 au·

144 3517 240 3584 ducit,
256 3535 303 3574 me
316 3515 391 3587 vivo,
415 3518 522 3576 vocare
542 3535 632 3577 ausus
647 3518 680 3578 es
704 3517 831 3577 Patres?
852 3525 904 3577 aut
916 3516 948 3577 in
961 3519 1032 3578 sede
1046 3518 1147 3578 consi·

145 3597 212 3657 dere
226 3594 335 3655 mea?”
368 3596 467 3668 Quum
480 3595 532 3656 ille
543 3595 682 3658 ferociter
694 3598 734 3658 ad
746 3598 824 3666 haec,
846 3609 864 3634 ‘⁶
873 3598 912 3659 Se
931 3597 1025 3679 patris
1039 3597 1085 3658 sui
1098 3603 1146 3658 te·

143 3695 212 3737 nere
225 3675 338 3742 sedem,
352 3677 452 3746 multo,
466 3697 555 3770 quam
570 3696 698 3749 servum,
711 3678 855 3759 potiorem
868 3678 962 3737 filium
977 3677 1055 3758 regis
1077 3697 1145 3760 reg·

144 3757 176 3816 ni
198 3757 363 3824 heredem
393 3757 465 3816 satis
478 3757 627 3818 rllum'rliu
651 3779 705 3840 per
726 3757 879 3818 licentiam
903 3753 1075 3817 eludentem
1098 3757 1145 3817 in-

145 3833 270 3898 saltasse
280 3831 407 3900 domimo
416 3837 452 3912 ;”
470 3837 583 3902 clamor
595 3839 632 3902 ab
642 3839 803 3919 utriusque
815 3835 983 3899 fautoribus
996 3836 1100 3911 oritur,
1113 3842 1144 3900 et

1077 1228 1150 1268 ana·
1228 1210 1231 1263 ζ
