2634 4392
591 245 722 310 uranu
736 246 791 306 rr.
946 321 951 332 ἱ
1015 321 1018 325 y
1116 239 1174 321 ros

175 397 447 488 rseretugieutium
467 407 585 467 turbam
604 406 733 476 videbat,
754 404 860 486 pergit.
899 404 969 482 Nec
990 398 1088 466 minor
1108 424 1172 468 cae·

174 488 224 548 des
246 485 279 548 in
307 488 387 556 urbe,
408 487 504 566 quim
518 481 550 546 in
564 486 679 567 prmlio,
698 485 776 556 fuit3
796 486 903 553 donec,
923 485 1049 566 abjectis
1070 485 1171 557 armis,

172 566 241 628 nihil
252 571 367 646 practer
382 565 473 626 vitam
487 573 633 647 petentes,
646 566 786 627 dictatori
799 564 961 625 deduntur.
1000 565 1082 625 Urbs
1103 585 1171 627 cas·

173 653 277 728 traque
288 644 477 725 diripiuntur.
517 643 641 708 Postero
660 645 710 705 die
731 645 856 726 singulis
877 643 1005 724 captivis
1018 648 1055 706 ab
1070 646 1173 726 equite

173 727 208 788 ad
223 725 427 787 centurionem
442 729 519 786 sorte
530 725 640 794 ductis,
660 732 708 794 et,
721 745 847 806 quorum
867 723 976 788 erinna
988 724 1085 784 virtus
1105 725 1171 799 fuae

171 811 223 876 rat,
242 805 332 875 binis,
352 804 419 866 aliis
433 807 488 865 sub
498 823 607 866 corona
619 805 820 873 venumdatis,
840 804 1006 876 exercitum
1026 803 1171 880 victorem

171 887 402 979 opulentumque
422 885 527 967 praedt
537 884 728 978 triumphans
741 884 871 946 dictator
883 886 1009 976 Itomam
1029 884 1171 976 reduxit:

113 1070 115 1122 ρ
166 964 1171 1125 ltttttttttttttttltlltttttttttlttltttt

113 1139 114 1142 ’
169 1125 199 1186 in
212 1125 293 1186 bello
303 1124 489 1206 trepidisque
502 1125 590 1186 rebus
604 1129 770 1207 acceperat
810 1123 910 1184 classi
925 1142 1045 1202 quoque
1058 1123 1097 1197 ad
1119 1123 1170 1194 ri,-

168 1205 261 1266 denss
271 1209 314 1286 pu
337 1211 438 1266 natum
452 1225 521 1265 cum
535 1203 722 1284 Vejentihus,
744 1202 866 1294 quidam
880 1203 1006 1264 annales
1018 1203 1171 1265 retulerer

168 1305 232 1346 rem
248 1306 274 1345 ae
297 1225 335 1345 uh
347 1283 501 1346 difficilem
514 1289 605 1364 atque
619 1281 825 1343 incredibrlem
840 1302 849 1342 t
870 1302 927 1344 neo
941 1301 1024 1344 nuuc
1039 1283 1103 1343 lato
1122 1303 1172 1344 sa·

167 1365 211 1426 tis
226 1300 342 1428 adhoc
356 1383 461 1436 amne3
481 1368 513 1426 et
524 1370 589 1424 tum
609 1363 772 1449 aliquanto,
798 1367 834 1422 ut
858 1362 1040 1425 slveteribus
1052 1381 1125 1424 acce
1144 1363 1173 1424 i·

165 1463 246 1513 mus,
260 1443 407 1504 arctiores
428 1442 487 1505 uisi
506 1443 539 1503 in
558 1444 687 1522 trajectu
712 1441 790 1517 forte
816 1439 948 1501 fluminis
973 1441 1097 1522 prohibe
1141 1465 1169 1516 o,

166 1523 335 1602 aliquarum
359 1523 479 1584 narium
497 1541 675 1584 concursum
688 1521 720 1582 iu
734 1523 830 1601 majus
843 1520 890 1602 (ut
902 1521 949 1602 tit)
972 1521 1170 1598 celebrantes,

164 1602 282 1664 navalis
292 1603 427 1664 victoriae
437 1621 548 1662 vanum
558 1601 681 1662 titulum
695 1600 875 1681 appetivere.

207 1682 335 1742 XXXV.
375 1679 1170 1765 lnsequensannustribunosmilitaresconsularipo-

165 1765 279 1824 testate
299 1759 410 1832 habuit,
431 1762 469 1820 A.
496 1760 704 1841 Sempronium
732 1758 914 1828 Atratinum,
938 1759 976 1818 Is.
996 1761 1169 1836 Quinctium

166 1841 393 1911 Cincinnatum,
414 1841 451 1900 L.
464 1839 587 1902 Furium
602 1838 816 1908 Medullinum,
837 1839 874 1898 L.
888 1837 1047 1900 Horatium
1057 1843 1170 1906 Barba·

165 1925 241 1981 tum.
283 1919 458 2001 Vejeutibus
472 1939 616 1980 annorum
629 1918 736 2000 viginti
756 1916 887 1979 inducias
899 1918 992 1989 datae,
1011 1930 1044 1982 et
1056 1923 1170 2002 AEquis

164 1998 300 2069 triennii,
320 2012 423 2078 quum
451 2000 560 2060 lurium
580 2007 726 2060 annorur'n
746 2003 903 2080 petissent.
943 1999 983 2059 Et
997 2003 1034 2060 ab
1048 2003 1170 2064 seditio·

162 2078 255 2140 nibus
268 2079 388 2138 urbanis
402 2084 494 2138 otrum
507 2079 575 2139 fuit.
614 2080 736 2138 Annum
756 2078 788 2138 in
843 2084 977 2149 nentem,
991 2099 1091 2159 neque
1103 2083 1167 2144 bel·

162 2158 196 2218 lo
210 2157 293 2228 foris,
305 2157 491 2250 nequedomi
502 2157 649 2218 seditione
662 2157 818 2238 insignem,
844 2158 896 2218 udi
916 2159 997 2219 bello
1010 2160 1071 2222 voti
1086 2161 1168 2222 cele·
1216 2164 1217 2167 ’

163 2238 261 2307 brem,
282 2244 314 2298 et
324 2240 508 2306 ‘tribunorum
523 2237 653 2297 militum
673 2244 827 2330 apparatu,
841 2244 873 2299 et
890 2237 1083 2302 finitimorum
1098 2261 1170 2302 cou-

166 2335 267 2386 cursu,
281 2315 390 2378 fecere.
431 2316 558 2378 Tribuni
572 2316 723 2378 consulam
736 2322 883 2398 potestate
896 2325 983 2378 erant
1004 2321 1062 2400 Ap.
1075 2320 1170 2380 Clau·

165 2395 236 2456 dius
250 2397 389 2466 Crassus,
400 2396 450 2477 Sp.
464 2397 596 2458 Nautius
609 2396 741 2466 Rutilus,
761 2395 799 2456 1.
813 2396 934 2477 Sergius
948 2396 1087 2468 Fidenas,
1099 2399 1168 2460 Sex.

164 2474 266 2536 lulius
294 2475 396 2546 Iulus;
430 2476 633 2556 spectaculum
662 2476 803 2536 comitate
823 2476 920 2537 ,etiam
946 2477 1000 2538 hos
1021 2477 1105 2548 itum,
1128 2481 1168 2540 ad

164 2555 252 2634 quod·
268 2554 388 2636 publico
400 2573 545 2616 consensu
558 2561 712 2623 venerant,
725 2554 849 2615 advenis
862 2554 975 2636 gratius
1022 2556 1054 2617 ir.
1095 2559 1169 2622 Post

164 2635 255 2694 ludos
274 2633 434 2695 conciones
448 2633 599 2695 seditiosa
613 2634 795 2694 tribunorum
808 2634 904 2726 plebis
918 2633 1048 2705 suerunt,
1069 2639 1169 2717 objur-

162 2715 300 2796 gantium
322 2714 554 2785 multitudinem,
586 2715 704 2794 “quod,
736 2714 931 2777 admrratione
952 2734 1062 2786 eorum,
1092 2736 1169 2796 quos

164 2792 290 2862 odisset,
303 2799 436 2872 stupens,
449 2795 480 2854 iu
494 2799 607 2854 aeteruo
628 2814 661 2854 se
681 2793 747 2874 ipsa
758 2800 878 2858 teneret
902 2794 1042 2858 servitio:
1062 2802 1094 2857 et
1106 2817 1167 2858 uon

162 2871 306 2934 modoad
321 2891 403 2950 spem
424 2873 597 2935 consulatts
621 2871 654 2931 in
668 2880 780 2953 partem
795 2875 994 2936 revocandam
1013 2875 1167 2955 adspirare
1207 2892 1208 2915 ³

163 2971 227 3014 non
254 2950 390 3020 auderet,
410 2950 463 3010 sed
476 2969 514 3010 ue
537 2951 569 3008 in
589 2951 717 3012 tribunis
735 2953 858 3030 quidem
880 2953 1009 3014 militum
1029 2955 1167 3016 creandis
1206 2950 1207 2997 l

165 3033 250 3112 (quae
266 3029 435 3091 communia
461 3035 562 3090 esseut
585 3029 706 3092 comitia
724 3032 848 3091 Petrum
868 3053 904 3092 ao
917 3032 1023 3112 plebis)
1045 3040 1098 3093 aut
1118 3036 1165 3094 sui
1204 3038 1206 3079 ⁴

166 3117 222 3172 aut
242 3129 362 3172 suorum
388 3108 582 3170 meminisset.
623 3109 781 3170 Desideret
795 3130 864 3202 ergo
877 3108 988 3179 mirari,
1001 3131 1056 3170 cur
1075 3131 1163 3174 uerno
1203 3098 1205 3163 l

166 3191 208 3250 de
229 3189 389 3252 commodis
409 3189 502 3271 plebis
517 3197 637 3272 ageret:
658 3189 695 3249 ed
707 3189 841 3270 impendr
853 3190 983 3250 laborem
996 3211 1032 3250 ac
1045 3191 1162 3270 pericu-
1199 3166 1205 3243 i

164 3269 241 3339 lum,
261 3271 341 3332 unde
360 3269 591 3332 emolumentum
606 3277 698 3350 atque
712 3269 807 3330 honos
823 3277 967 3351 speretur.
1006 3269 1090 3330 Nihil
1105 3291 1165 3339 nou

169 3368 359 3430 aggressuros
392 3349 534 3422 homines,
565 3350 591 3412 si
624 3373 654 3412 m
714 3370 744 3428 a⁴
764 3350 878 3412 conatis
912 3367 1019 3431 magua
1038 3353 1167 3442 proemia

165 3437 378 3511 proponantur.
439 3431 483 3491 Ut
516 3431 635 3510 quidem
695 3429 774 3509 iquis
803 3429 940 3490 tribunus
969 3431 1064 3508 plebis
1096 3439 1163 3492 ruat

166 3528 268 3570 caecus
282 3509 489 3570 in‘certamina
502 3510 635 3589 periculo
656 3509 686 3570 in
708 3508 781 3580 enti,
801 3509 903 3570 fructu
923 3508 1027 3579 nullo;
1048 3528 1086 3569 ex
1099 3510 1184 3590 qui·v

165 3589 222 3648 bus
236 3609 289 3670 pro
305 3595 385 3651 certo
397 3589 512 3658 habeat,
533 3589 647 3660 Patres,
703 3609 808 3650 versus
820 3609 895 3670 quos
915 3589 1064 3657 tenderet,
1083 3590 1163 3651 bello

167 3665 339 3749 inexpiabili
353 3688 384 3729 se
395 3673 624 3749 persecuturos3
644 3668 725 3750 apud
738 3669 864 3750 plebem,
884 3683 938 3748 pro
958 3687 1027 3748 qua,
1038 3667 1162 3730 dimica·

167 3749 253 3817 verit,
274 3747 367 3808 nihilo
393 3767 426 3808 se
446 3747 668 3812 honoratiorem
686 3749 762 3817 tore,
781 3747 1088 3830 neque-sperandum,
1109 3769 1162 3810 ne-

166 3846 226 3906 que
245 3826 455 3910 postulandum
468 3849 543 3892 ease.
582 3829 713 3913 Magnos
732 3828 846 3892 animos
866 3827 982 3911 maguis
1002 3828 1160 3890 honoribts
