2634 4392
550 252 750 346 Llnnnru.
976 349 980 351 Α
1081 283 1147 368 isi
1220 292 1221 301 Ν

147 445 340 517 divideretur,
358 443 419 524 nisi
428 443 465 513 is,
478 442 530 536 qui
543 442 727 522 interceptus
737 439 853 520 judicio
863 438 968 502 infami
981 443 1046 500 erat
1059 458 1068 509 3
1088 458 1146 498 nec
1182 422 1184 435 ¹
1220 418 1221 445 ¹

147 527 201 588 ulli
215 525 299 607 pride
315 521 447 592 Romano
460 525 509 604 ibi,
536 525 626 604 quim
638 522 774 582 omnibus
797 520 916 581 Rutulis
930 519 1044 579 divisus
1057 523 1147 588 esset,
1220 522 1221 539 ¹

147 608 234 688 gleba
257 605 319 666 ulla
339 605 402 686 agri
429 604 638 684 assignaretur.
679 600 729 660 Sic
743 620 814 681 ager
827 600 866 660 ‘ad
880 599 1028 661 Ardeates
1049 598 1148 658 rediit.

147 683 314 744 'l'riumuiri
327 685 365 744 ad
379 684 524 744 coloniam
534 684 666 744 Ardeam
680 681 887 745 deducendam
901 679 995 740 creati
1015 679 1148 758 Agrippa
1220 708 1221 711 ¹

146 762 323 833 Menenius,
333 762 372 822 T.
386 763 513 824 Cloelius
527 763 657 840 Siculus,
681 762 727 822 M.
741 760 886 824 AEbutius
900 759 976 819 Elea
989 778 999 827 ;
1013 778 1073 841 qur,
1088 772 1148 837 'per
1220 794 1221 797 =

96 867 119 916 f
145 841 634 922 minimepopulareministerium
655 861 725 922 agro
747 839 927 920 assignando
940 837 1037 909 sociis,
1059 850 1150 916 quem
1220 838 1221 853 ³

96 919 97 980 j
144 924 273 1004 populus
284 923 435 982 Romanus
444 935 531 984 suum
534 921 713 1000 judicasset,
720 919 812 997 quum
822 917 1150 997 plebemoffendissent,

96 1027 98 1038 ·
145 1024 185 1064 ne
200 1001 375 1084 primoribus
387 1001 508 1080 quidem
520 1001 641 1062 Patrum
652 1000 725 1060 satis
736 999 860 1078 accepti,
868 998 949 1077 qudd
960 997 1034 1058 nihil
1042 995 1148 1076 gratiae

145 1085 325 1164 cujusquam
339 1081 505 1152 dederant3
525 1079 709 1147 vexationes,
722 1079 761 1137 ad
774 1077 864 1158 popul
869 1098 917 1137 um
926 1080 990 1156 jam
1004 1076 1053 1136 die
1064 1078 1148 1157 dicta
1220 1100 1221 1103 ¹

144 1165 182 1224 ab
210 1160 349 1232 tribunis
372 1159 469 1220 coloni
490 1151 634 1252 adscripti
655 1154 1031 1231 remanendo'incolonia,
1058 1174 1149 1236 quarn

143 1248 256 1304 testem
268 1239 448 1322 integritatis
461 1241 468 1255 '
482 1239 643 1316 rstrtiaeque
658 1237 812 1306 habebant,
826 1237 968 1313 vitavere.
1091 1292 1095 1295 ,

184 1321 259 1380 Xll.
280 1322 343 1380 Pau
356 1319 437 1381 dorni
449 1255 580 1397 fflrisque
590 1317 649 1379 fuit
663 1323 693 1378 et
705 1317 760 1376 boc
775 1323 806 1396 et
819 1315 988 1395 insequenti
1003 1334 1092 1386 anuo,
1110 1317 1148 1378 C.

96 1459 98 1462 .
142 1399 239 1460 Furio
248 1399 349 1474 Pacilo
363 1405 395 1456 et
407 1399 454 1456 Μ.
465 1396 580 1476 Papirio
595 1397 705 1456 Crasso
719 1395 900 1466 consulibus.
914 1395 1029 1472 „Ludi
1043 1399 1080 1456 ab
1093 1397 1148 1456 de-

96 1473 97 1520 3
141 1476 1148 1558 cemviriqper'secessionemplebisalPatribusexsenatusconsultu

141 1558 218 1630 voti,
237 1577 273 1617 eo
287 1577 364 1626 anno
378 1555 450 1618 facti
474 1561 553 1616 sunt.
594 1557 695 1616 Causa
708 1555 887 1616 seditionum
907 1555 1107 1635 nequicquam
1128 1558 1148 1621 a

141 1636 273 1700 Poetelio
282 1637 432 1716 quaesita3
452 1637 514 1716 qui,
526 1635 662 1698 tribunus
674 1633 769 1713 plebis
782 1633 890 1708 iterum
903 1634 939 1694 'ea
951 1635 1018 1714 ipsa
1030 1635 1148 1696 denun·
1168 1670 1170 1676 ·

141 1717 256 1778 ciando
267 1715 376 1796 factus,
399 1735 508 1793 neque,
522 1720 556 1772 ut
569 1713 609 1772 de
621 1713 699 1794 agris
723 1712 893 1777 dividendis
907 1712 986 1792 plebi
999 1713 1147 1776 referrent

142 1795 285 1859 consules
309 1795 347 1854 od
375 1801 521 1863 senatum,
546 1793 720 1872 pervincere
747 1792 866 1873 potuit:
885 1798 1019 1870 atquem
1042 1815 1147 1876 magno
1220 1833 1222 1840 ·

141 1875 308 1952 certamine
322 1873 509 1944 obtinuisset,
523 1880 558 1934 ut
571 1872 800 1947 consulerentur
813 1873 928 1940 Patres,
941 1874 1096 1934 consulum
1107 1895 1146 1939 an

137 1955 330 2016 tribunorum
356 1954 487 2046 placeret
510 1951 630 2014 comitia
655 1949 766 2033 haberi,
792 1951 930 2012 consules
957 1952 1051 2014 c'reari
1066 1947 1146 2034 jussi
1176 2013 1180 2020 ,
1219 2005 1222 2008 ,

139 2041 242 2104 sunt3
260 2033 448 2113 ludibrioque
468 2039 553 2093 erant
566 2031 655 2092 minae
670 2031 792 2101 tribuni,
813 2031 1024 2101 denunciantis
1045 2053 1078 2092 se
1090 2034 1146 2093 de·

136 2115 259 2174 lectum
272 2111 505 2203 impediturum
526 2130 627 2190 quum,
651 2111 769 2189 quietis
783 2111 925 2182 finitimis,
947 2131 1045 2191 neque
1057 2114 1148 2186 belle,

136 2211 243 2271 neque
254 2191 327 2264 belli
337 2197 480 2272 apparatu
488 2210 561 2270 opus
570 2193 658 2250 esset.
700 2191 842 2269 Sequitur
852 2192 928 2252 hanc
942 2191 1145 2271 tranquillita-
1182 2245 1185 2249 .

138 2279 218 2334 tem*
229 2290 328 2332 rerum
342 2289 446 2339 annus,
470 2269 598 2330 Proculo
611 2269 657 2330 Ge
695 2271 746 2331 nio
759 2271 924 2340 Macerino,
943 2273 980 2333 L.
1001 2273 1146 2334 Menenio

138 2354 264 2418 Lanato
285 2349 465 2420 consulibus,
479 2346 638 2432 multiplici
652 2289 739 2412 diade
752 2371 787 2412 ac
802 2348 934 2430 periculo
947 2351 1082 2443 insignis,
1095 2372 1144 2412 se-

139 2430 316 2500 ditionibus,
329 2431 416 2500 fame,
442 2451 474 2490 re
516 2450 533 2490 o
552 2431 643 2510 prope
657 2451 711 2510 per
722 2431 888 2512 largitionis
902 2431 1091 2492 dulcedinem
1111 2430 1144 2494 in

139 2511 277 2574 cervices
298 2517 429 2591 accepto.
469 2451 572 2572 filium
594 2509 671 2578 afuit
688 2509 802 2570 bellum
825 2518 1005 2575 externumr
1034 2531 1093 2592 quo
1114 2513 1142 2575 si

139 2593 311 2674 aggravatae
334 2609 382 2650 res
396 2595 506 2658 essent,
520 2586 570 2649 vix
583 2608 638 2668 epe
652 2589 785 2651 Deorum
798 2590 930 2652 omniurn
942 2590 1041 2652 resisti
1054 2597 1143 2672 potu·
1160 2637 1163 2640 -

138 2671 224 2732 isset.
266 2669 322 2730 Coe
362 2691 395 2730 re
419 2669 528 2730 aifame
543 2667 629 2738 mala,
652 2687 706 2729 seu
719 2670 864 2729 adversus
887 2690 982 2733 annus
1007 2671 1145 2752 frugibus

138 2753 208 2820 fuit,
219 2769 272 2810 seu
281 2749 321 2813 du
336 2750 441 2810 cedine
453 2749 627 2810 concionum
640 2749 760 2810 eturbis
770 2749 889 2811 deserto
900 2768 1036 2832 agrorum
1045 2753 1142 2824 cultu;

138 2851 211 2892 nam
227 2838 385 2908 utrumque
406 2829 534 2889 traditur
545 2849 561 2898 3,
575 2834 607 2888 et
619 2829 724 2889 Patres
765 2829 861 2892 lebem
875 2829 1019 2899 desidem,
1042 2835 1073 2892 et
1086 2831 1141 2891 tri-

138 2909 213 2970 buni
234 2909 330 2990 plebis
344 2927 423 2967 nunc
438 2907 572 2968 fraudem
586 2927 667 2966 nunc
687 2851 899 2999 negligentiam
913 2910 1069 2969 consulum
1089 2931 1142 2972 ac·

140 2991 294 3052 cusabant.
335 2987 490 3049 Postremi
501 2986 657 3066 perpulere
670 2986 788 3064 plebeii,
808 2987 888 3046 haud
902 2988 1078 3063 adversante
1092 3009 1141 3053 se·

138 3078 223 3136 natu.
245 3077 279 3128 ut
294 3068 337 3128 L„
347 3065 499 3126 Minucius
514 3066 675 3147 praefectus
689 3085 815 3126 annonae
831 3064 1004 3138 creaietur3
1024 3068 1140 3132 felicior

137 3152 171 3210 in
193 3169 230 3208 eo
246 3145 417 3228 magistratu
441 3147 479 3204 ad
494 3145 669 3204 custodiam·
680 3143 824 3206 libertatis
838 3146 965 3217 futurus,
975 3183 978 3187 ’
989 3148 1078 3227 quim
1099 3151 1140 3214 ad

138 3225 325 3294 curationem
350 3225 509 3288 'ministerii
536 3225 604 3288 sui:
639 3244 809 3304 quanquam
836 3229 984 3307 postremi)
1012 3248 1140 3294 annonae

138 3325 263 3389 quoque
276 3306 382 3368 levatae
397 3305 475 3366 lraud
488 3305 665 3368 inmeritam
689 3314 720 3365 et
738 3306 864 3386 gratiam
878 3312 908 3367 et
921 3305 1045 3398 gloriam
1058 3309 1146 3370 tulit‘

137 3389 199 3462 Qui
214 3404 316 3465 quum,
339 3385 441 3444 multis
463 3385 543 3444 circa
557 3384 695 3462 finitimos
709 3386 834 3465 populos
847 3387 1043 3466 legationibus
1057 3395 1139 3455 terra

137 3466 276 3545 marique
290 3465 488 3544 nequicquam
503 3465 612 3532 oriseis,
635 3465 702 3541 (nisi
724 3465 805 3544 quid
820 3485 857 3525 ex
874 3465 990 3527 lltruria
1003 3467 1081 3527 baud
1094 3469 1139 3530 ita

138 3547 268 3610 multum
283 3543 421 3604 frumenti
435 3543 591 3605 advectum
607 3546 673 3625 eat)
686 3546 800 3606 nullom
816 3551 997 3608 iuramentum
1010 3567 1138 3610 annonae
1165 3556 1167 3561 ’
1220 3590 1221 3593 =

139 3625 287 3696 fecisset3
307 3631 347 3692 et,
375 3625 523 3690 revolutus
545 3624 582 3684 ad
598 3623 848 3705 dispensationem
861 3625 980 3706 inopiae,
1004 3627 1139 3707 profiteri

140 3705 275 3785 cogendo
288 3704 478 3774 frumentum,
500 3711 531 3765 et
544 3704 683 3773 vendere,
694 3704 784 3783 ‘quod
798 3725 854 3765 usu
868 3711 1019 3768 menstruo
1033 3727 1137 3789 super-

140 3791 231 3854 esset,
244 3781 468 3876 fraudandoque
482 3791 565 3865 parte
580 3783 679 3843 diurni
694 3785 749 3842 cibi
763 3785 877 3853 sevitia,
891 3785 1076 3847 criminando
1089 3789 1136 3848 in-

142 3862 182 3928 de
195 3869 228 3926 et
240 3861 406 3947 objiciendo
418 3883 472 3926 rrae
486 3863 588 3948 populi
601 3864 817 3940 frumentarios,
830 3867 937 3928 acerba
945 3866 1139 3955 inquisitione

508 3943 536 4019 Q
