2634 4392
528 307 660 394 ursas
672 314 759 394 m,
880 365 883 370 -
1003 351 1007 365 Ι
1087 335 1127 394 aa
1213 331 1214 366 ὲ

140 490 263 578 erigeret.
303 492 342 554 ld
367 490 448 557 male
468 492 658 554 commissum
678 489 797 574 ignum
817 489 945 551 hostium
964 487 1132 554 ira-bonum.
1213 495 1214 556 l

138 581 218 637 vertit
229 599 238 635 a
251 575 319 656 qui,
332 575 507 655 priusquam
525 575 565 634 ad
587 575 757 654 conjectum
776 569 831 630 teli
851 570 1012 639 veniretur,
1025 573 1139 631 obstu·'

139 656 239 740 pesacti
252 656 378 716 audacia
400 656 609 724 Romanorum,
622 652 737 714 relictis
751 649 866 720 castris,
880 671 947 732 quse
961 651 1128 714 munitissi·
1213 677 1214 742 ᾗ

138 738 185 797 mis
203 742 363 797 tenuerant
374 733 460 804 locis,
478 734 509 796 iu
523 735 666 795 adversas
679 733 773 793 valles
787 729 951 792 desiluere:
982 731 1033 792 ubi
1053 730 1128 792 satis

137 816 237 897 praedm
250 823 283 878 et
295 806 419 876 victoris
431 813 590 876 incruenta
608 811 675 876 suit.
716 811 764 874 Ita
776 810 919 872 trifariam
940 831 972 872 re
985 811 1131 872 bellobe*
1213 827 1214 894 j

136 903 272 978 negasti,
298 897 337 956 de
350 895 580 957 domesticarum
600 910 700 956 rerum
714 899 823 954 eventu
836 911 892 953 nec
914 891 1051 953 Patribus
1070 911 1132 952 neo
1213 899 1214 974 ᾗ

137 976 210 1056 plebi
223 997 294 1038 cura
306 977 479 1043 decesserat
487 997 496 1047 ;
515 982 600 1037 tautt
614 993 710 1055 quum
721 972 829 1054 gratie,
847 979 912 1032 tum
926 977 991 1033 arte
1011 992 1128 1054 praepa·
1213 1017 1214 1050 ÷

136 1064 266 1118 raserunt
285 1057 491 1126 feneratores,
505 1091 508 1095 ·
521 1075 590 1135 quae
611 1074 673 1116 uon
694 1053 783 1114 modo
802 1052 930 1134 plebem,
957 1054 1011 1114 sed
1031 1055 1130 1134 ipsum
1213 1063 1214 1128 ᾗ

137 1135 216 1197 etism
237 1137 414 1199 dictatorem
434 1137 657 1196 frustrarentur,
719 1133 859 1212 Namque
880 1131 1028 1203 Valerius,
1060 1138 1130 1214 post
1213 1145 1214 1160 ³

137 1215 245 1277 Vetusii
267 1218 399 1280 consulis
419 1215 558 1287 reditum,
578 1215 710 1279 omnium
730 1213 881 1276 actionum
901 1213 933 1273 in
947 1219 1052 1272 senatu
1088 1211 1145 1272 riv

136 1313 204 1356 mam
218 1297 387 1379 habuitpro
411 1299 524 1383 victore
536 1298 657 1394 populo,
672 1294 844 1374 retulitque,
887 1291 938 1352 uid
959 1293 1044 1353 nexis
1064 1233 1087 1351 K

137 1376 281 1465 placeret3
301 1398 370 1456 quoe
390 1397 483 1458 quum
503 1385 615 1460 rejecta
634 1376 740 1438 relatio
760 1375 849 1444 esset,
900 1374 970 1434 Non
991 1373 1129 1466 placeo,’'

136 1454 238 1534 lnquit,
257 1458 456 1518 “concordiae
477 1466 601 1528 suctum
620 1456 769 1538 optabitis,
789 1454 930 1528 meltius
948 1453 1129 1533 fidiuspro-

136 1532 259 1612 pediem,
288 1544 323 1597 ut
353 1538 410 1598 mei
436 1538 548 1608 similes
578 1538 713 1598 Romana
734 1537 835 1617 plebes
854 1543 994 1616 petronus
1008 1533 1129 1594 ,habeat

137 1613 215 1686 Quod
237 1615 277 1676 ad
291 1636 338 1677 me
351 1618 469 1688 attinet,
490 1639 586 1700 ueque
600 1617 764 1678 frustrabor
781 1617 862 1676 ultrl
877 1616 958 1676 cives
973 1634 1062 1682 meos,
1076 1631 1130 1673 ne·

136 1711 187 1771 que
207 1694 273 1778 ipse
286 1696 400 1758 frustra
412 1699 542 1758 dictator
555 1718 614 1758 ero.
654 1694 820 1758 Discordiae
835 1695 998 1765 intestinae,
1018 1692 1130 1754 bellum
1213 1713 1214 1764 j

137 1779 286 1836 extumum
301 1776 408 1847 fecere,
422 1783 456 1837 ut
468 1777 524 1838 hoc
538 1776 712 1860 magistratu
726 1782 829 1858 egeret
838 1774 1016 1872 respublica.
1066 1773 1130 1832 Pax
1213 1777 1214 1814 ἓ

135 1850 200 1913 foris
212 1864 300 1937 porta
312 1863 369 1927 est,
382 1856 462 1917 domi
476 1857 651 1938 impeditum
684 1856 818 1938 privatus
839 1856 947 1936 ponus,
961 1855 1051 1934 quim
1065 1851 1131 1914 dic·

136 1937 217 2004 tator,
237 1936 379 1998 seditioni
390 1935 522 1998 interero
535 1939 568 2009 ;''’
608 1938 660 2007 ita,
674 1936 756 1998 aurit
773 1953 919 2018 egressus,
933 1933 1083 1995 dictatura
1098 1951 1131 1994 se

137 2013 289 2077 odram
342 2017 492 2097 Apparuit
504 2038 594 2081 causa
607 2018 697 2100 plebi,
718 2037 802 2078 suam
816 2015 912 2078 vicem
924 2013 1132 2095 indignantem

137 2094 303 2175 magistratu
317 2095 435 2166 abisse3
454 2097 566 2175 itaque,
579 2098 664 2156 velut
676 2098 827 2178 persoluta
842 2096 911 2164 lide,
924 2095 1064 2179 quoniam
1078 2111 1132 2174 per

138 2189 195 2233 eum
218 2194 280 2234 nou
301 2175 444 2243 stetisset,
477 2175 551 2254 quin
571 2181 775 2255 praestaretur,
793 2175 990 2235 decedentem
1010 2173 1132 2236 domum

138 2269 196 2312 sum
209 2252 315 2314 favore
327 2272 363 2313 ac
376 2252 516 2314 laudibus
528 2254 679 2335 prosecuti
692 2261 772 2314 sunt.
864 2278 866 2284 ·

168 2333 301 2392 XXXII.
321 2331 427 2393 Timor
447 2333 519 2395 inde
539 2335 644 2395 Patres
666 2333 859 2403 incessitne,
880 2331 905 2394 si
926 2330 1067 2394 dimissus
1080 2352 1132 2394 ex·

138 2410 241 2473 arcitus
254 2413 342 2482 foret,
355 2431 459 2474 rursus
472 2419 568 2476 coetus
582 2415 694 2476 occulti
713 2412 992 2495 conjurationesque
1005 2413 1134 2484 fierent,

138 2487 240 2572 itaque,
254 2510 428 2572 quanquam
440 2488 499 2576 per'
507 2494 684 2557 dictatorem
697 2493 835 2555 delectus
848 2490 964 2554 habitus
978 2501 1067 2562 esset,
1086 2501 1132 2554 ta·

138 2587 207 2642 men,
219 2572 361 2652 quoniam
375 2566 406 2632 id
420 2575 577 2636 consulum
591 2577 682 2637 verba
697 2577 862 2658 jurassent,
876 2579 1063 2640 sacramente
1087 2579 1133 2636 te·
1213 2607 1214 2648 ;

140 2651 195 2709 neri
208 2652 336 2714 militem
356 2653 423 2725 rati,
442 2673 631 2736 percausam
651 2655 787 2716 renovati
800 2657 836 2732 ab
850 2653 961 2734 AEquis
974 2653 1045 2728 belli
1058 2654 1133 2714 edu·
1213 2657 1214 2722 J

141 2727 164 2786 ci
175 2749 210 2792 ex
221 2736 296 2794 urbe
309 2732 442 2827 legiones
450 2737 589 2815 Jussere3
609 2756 669 2816 quo
682 2735 763 2798 fecto
783 2743 931 2798 maturata
951 2741 998 2796 est
1017 2733 1133 2796 seditio.
1213 2731 1214 2808 l

141 2806 175 2867 Et
197 2812 294 2894 primo
308 2819 452 2896 agitatum
465 2814 577 2876 dicitur
590 2815 629 2877 de
642 2816 798 2878 consulum
819 2815 915 2886 caede,
928 2823 962 2876 ut
982 2814 1132 2876 solveren-
1213 2833 1214 2884 ξ

140 2893 182 2946 tur
194 2900 401 2978 sacramentor
435 2894 540 2956 doctos
551 2895 672 2967 deinde,
692 2897 809 2976 nullam'
827 2897 941 2956 scelere
960 2894 1134 2988 religionem
1213 2895 1214 2952 ἶ

142 2971 255 3044 exsolvi,
276 2971 389 3032 Sicinio
408 2973 539 3051 quodam
559 2982 698 3046 auctore,
713 2976 829 3070 injussu
849 2976 1007 3036 consulum
1026 2994 1058 3034 sn
1070 2975 1134 3038 Sa·
1213 2995 1214 3012 ¹

142 3063 214 3111 trum
241 3057 374 3114 montem
394 3052 555 3114 secessisse
574 3055 670 3134 (trans
690 3058 840 3116 Anienem
859 3074 976 3116 amnem
997 3055 1057 3138 est)
1075 3053 1136 3116 tric
1213 3069 1214 3130 ᾗ

142 3127 254 3218 abui-be
266 3130 362 3194 millia
375 3151 537 3212 passuum3
557 3154 593 3194 ea
602 3133 788 3213 frequentior
799 3135 879 3196 fama
892 3143 948 3206 est,
961 3153 1060 3214 quam,
1081 3143 1135 3194 ott-
1168 3202 1171 3207 ,
1213 3135 1214 3204 l

140 3223 182 3345 Rs
202 3211 271 3281 Piso
291 3219 396 3274 auctor
409 3220 465 3283 est,
478 3212 510 3273 iu
525 3214 710 3275 Aventinum
724 3213 921 3276 secessionem
935 3213 1045 3274 factam
1060 3231 1135 3296 essa.
1213 3217 1214 3272 ἶ

172 3288 181 3346 i
194 3290 257 3354 siue
270 3292 333 3353 ullo
345 3291 435 3364 duce,
445 3293 525 3355 vallo
545 3293 686 3374 fossaque
700 3293 889 3356 communitis
902 3293 1017 3364 castris,
1031 3293 1135 3374 quieti,

143 3381 197 3429 rem
210 3372 333 3444 nullam,
352 3372 410 3434 nisi
432 3374 630 3435 necessariam
644 3374 684 3436 ad
704 3375 827 3444 victum,
840 3375 993 3443 sumendo,
1006 3393 1059 3455 per
1080 3373 1134 3434 ali·

144 3457 213 3581 {out
224 3451 299 3523 dies,
317 3474 416 3534 neque
435 3447 570 3514 lacessiti
589 3473 689 3536 neque
708 3456 901 3525 lacessentes,
915 3473 981 3515 sese
1001 3460 1142 3518 tenuere.-

166 3545 234 3591 avor
245 3531 349 3613 iugens
360 3533 393 3595 in
412 3536 495 3610 urbe,
521 3541 664 3614 metuque
684 3543 788 3598 mutuo
808 3555 952 3628 suspense
965 3539 1052 3596 erant
1071 3551 1142 3595 om·,

144 3604 197 3668 nia.
235 3611 356 3674 'limare
367 3615 476 3691 ,relicta
488 3615 526 3679 ab
545 3614 607 3676 suis
626 3603 729 3698 plelses
749 3616 919 3678 violentiam
943 3616 1074 3684 Petrum,
1094 3611 1134 3674 ti-.

146 3699 219 3750 nere
241 3693 346 3776 Patres
358 3694 486 3756 residem
498 3694 531 3755 iu
549 3699 622 3757 urbe
641 3697 768 3778 plebem,
783 3695 905 3768 incerti,
919 3714 1038 3758 manere
1058 3713 1135 3765 earn,

148 3779 181 3823 ¹11
193 3769 268 3836 abire
288 3773 422 3836 mellent
472 3775 634 3851 Quamdiu
654 3783 754 3838 autem
771 3777 975 3858 tranquillam,
995 3793 1064 3856 quae
1086 3794 1135 3835 sc-

148 3851 270 3926 emerit,
282 3853 506 3984 multitudiue·
521 3856 613 3921 lore?
632 3847 707 3939 quid
718 3857 853 3920 summm
872 3855 991 3928 deinde,
1009 3847 1136 3936 siquod

1086 1291 1214 1356 eri]
