2634 4392
171 305 241 383 ma
584 304 623 365 r.
643 302 752 367 mvn

169 484 227 527 uec
241 482 341 525 omnes
352 463 423 550 dnm
435 463 569 532 eductos,
581 484 649 533 nec,
661 444 823 543 quierant,
832 452 909 525 'satis
921 462 957 524 ex
977 464 1078 527 licatis
1088 466 1163 529 ordi·

169 544 265 614 nibus,
280 564 370 624 prope
384 542 581 604 fluctuantem
594 546 712 604 turbam
725 544 936 624 trepidantium
957 486 1017 609 lluc
1031 554 1121 625 etque
1131 547 1165 606 il·

168 625 228 692 luc,
242 624 613 704 circumspectantiumque
627 644 660 686 se
674 644 709 683 ac
724 644 801 693 suos,
811 625 915 685 addito
926 626 1052 687 turbatis
1062 626 1166 701 inenti-

167 705 222 763 bus
237 705 365 766 clamore
379 714 470 783 atque
480 703 604 783 impetu,
623 703 748 767 invadit.
788 705 933 765 Retulere
953 706 1048 786 primo
1063 707 1165 785 pedem

168 782 289 855 hostes3
310 782 428 853 deiude,
438 803 531 865 quum
542 784 657 848 animos
665 783 867 865 collegissent,
878 792 909 845 et
919 786 1052 865 undique
1065 787 1163 855 duces,

168 871 186 901 ‘³
196 864 324 925 victisne
338 864 451 925 cessuri
465 866 597 947 essent’?
610 865 812 945 increparent,
822 864 1111 951 restituitur-pugna.

209 944 294 1005 LXI.
315 946 428 1005 Consul
443 965 480 1004 ex
494 944 686 1026 alteraparte
706 946 855 1009 Romanum
879 958 897 982 “
910 946 1104 1009 meminisse”
1121 950 1165 1027 ju·

166 1026 266 1095 limat,
291 1025 370 1090 “illo
392 1025 440 1085 die
460 1025 587 1105 primum
612 1025 720 1085 liberos
743 1046 795 1106 pro
816 1026 910 1087 libera
935 1030 1007 1086 urbe
1035 1028 1165 1091 Romana

167 1123 311 1185 pugnare.
351 1104 476 1166 Sibirnet
488 1105 560 1185 ipsis
574 1105 716 1177 victuros,
736 1125 795 1168 uon
809 1114 845 1166 ut
857 1104 1092 1181 decemvirorum
1104 1107 1163 1165 vic·

168 1193 249 1245 tores
283 1187 418 1247 reemium
432 1190 542 1245 essent.
582 1186 653 1249 Non
663 1186 762 1264 Appio
776 1186 853 1245 duce
867 1187 1016 1267 ramgeri,
1032 1186 1084 1247 sed
1097 1207 1164 1246 con-

168 1265 234 1325 sule
265 1266 377 1343 alerio,
393 1263 631 1324 ailiberatoribus
652 1266 754 1344 populi
768 1266 895 1326 Romani
915 1272 989 1335 orto,
1013 1266 1163 1342 liberatore
1217 1258 1218 1307 l

168 1344 244 1425 ipso.
284 1341 492 1414 Ostenderent,
520 1344 667 1425 prioribus
687 1342 799 1425 proeliis
823 1366 877 1425 per
903 1343 1006 1416 duces¹
1033 1351 1093 1407 nori
1115 1366 1164 1427 per

168 1425 290 1494 milites,
311 1425 439 1493 stetisse,
462 1444 502 1485 ne
526 1423 691 1485 uincerent.
733 1424 835 1505 Turpe
862 1446 939 1495 esse,
964 1431 1069 1487 contra
1089 1426 1164 1487 ciues

168 1505 237 1584 plus
256 1500 348 1565 animi
361 1503 509 1573 habuisse,
531 1506 621 1597 quim
635 1510 747 1565 *contra
768 1504 866 1565 hostes
879 1526 893 1578 ε,
907 1515 940 1567 et
963 1506 1055 1577 dorni,
1081 1509 1163 1586 quim

167 1584 250 1655 loris,
274 1584 448 1647 servitutem
473 1604 567 1666 magis
580 1584 726 1646 timuisse.
753 1584 865 1659 ¹Unam
880 1585 1164 1666 virginiamfuisse,

169 1666 256 1746 cujus
269 1665 425 1745 pudicitiae
439 1663 470 1723 in
484 1685 559 1745 pace
573 1664 737 1745 pericnlum
753 1673 852 1725 esset:
875 1664 966 1735 unum
981 1666 1111 1759 Appium
1125 1666 1163 1725 ci·

168 1766 238 1805 vern
258 1745 435 1825 periculosae
457 1745 608 1818 libidinis3
629 1744 717 1816 at„si
730 1744 850 1806 fortuna
861 1746 933 1808 belli
946 1746 1083 1817 inclinet,
1105 1767 1162 1805 um·

168 1825 252 1886 nium
265 1825 368 1885 liberis
391 1828 428 1885 ab
442 1831 486 1889 tot
498 1822 630 1906 millibus
642 1824 773 1901 hostium
786 1824 951 1907 pericnlum
965 1826 1037 1885 fore.
1080 1826 1164 1888 Nolle

169 1905 303 1973 ominari,
330 1924 397 1983 quae
418 1904 614 1983 nec2lupiter,
638 1904 793 1966 necMars
806 1913 891 1985 pater
930 1906 1022 1967 assuri
1037 1905 1109 1977 sint,
1132 1905 1164 1965 iis

168 1983 311 2065 auspiciis
325 1980 454 2052 conditae
467 1982 532 2043 urbi
541 1982 710 2049 accidere.”
753 1986 898 2045 Aventini
908 1928 1050 2065 Eacrique
1061 1986 1163 2046 montis

169 2066 357 2133 admonebat,
381 2075 398 2099 ‘⁶
410 2069 453 2133 nt,
477 2063 528 2124 nbi
540 2063 663 2125 libertae
676 2070 763 2147 parta
777 2074 863 2135 ,esset
876 2066 979 2148 paucis
993 2072 1065 2127 ante
1086 2085 1162 2127 men·

170 2146 260 2215 sibus,
292 2146 329 2205 ed
348 2143 514 2283 imperium·
532 2143 678 2211 illibatum
706 2144 874 2207 referrent:
908 2146 1164 2225 ostenderentque,

170 2224 297 2290 eandem
319 2224 391 2288 indo
405 2245 452 2285 em
472 2224 616 2284 militibus
635 2226 779 2285 Romanis
799 2234 866 2309 post
886 2233 1007 2289 exactus
1021 2224 1162 2286 decemui-

168 2327 218 2371 ros
232 2327 307 2376 esse,
321 2313 390 2385 qnae'
405 2311 474 2365 ante
489 2311 604 2365 creatos
617 2304 727 2363 tuterit:
747 2324 813 2375 nec,
829 2306 956 2385 aeqnatis
969 2306 1093 2389 legibus,
1111 2304 1161 2363 im-

168 2386 317 2448 minutam
343 2384 483 2445 uirtntem
504 2383 604 2462 populi
625 2383 753 2443 Romani
773 2387 873 2445 esse”
914 2386 990 2447 Haec
1014 2386 1066 2447 ubi
1092 2386 1162 2445 inter

170 2468 256 2549 signa
269 2464 403 2547 pediturn
417 2463 499 2523 dicta
512 2462 597 2523 dedit
608 2484 617 2534 3
636 2463 738 2526 avolat
752 2464 863 2527 deinde
875 2464 914 2525 ad
929 2466 1056 2545 equites,
1068 2477 1086 2504 ‘⁸
1096 2463 1161 2544 Agi-

226 2545 388 2626 juvenes‚'’
410 2542 518 2623 inquit,
543 2550 712 2624 “praestate
727 2544 992 2626 virtutepeditem,
1012 2554 1048 2605 ut
1060 2546 1161 2607 honore

169 2648 189 2686 a
203 2646 260 2705 que
274 2623 377 2695 ordine
391 2623 550 2703 praestatis.
591 2624 691 2683 Primo
715 2644 862 2685 concursu
882 2625 976 2707 pedes
997 2626 1090 2687 mouit
1103 2624 1160 2686 hos·

170 2712 253 2776 tem;
273 2705 392 2785 pulsum
412 2723 474 2773 vos,
486 2702 635 2761 *immissis
656 2701 752 2781 equis
777 2704 885 2783 exigite
906 2704 922 2764 ὲ
943 2726 1058 2785 campo.
1097 2704 1160 2765 Non

170 2784 361 2849 sustinebunt
376 2783 521 2862 impetum
530 2802 540 2853 ;
560 2789 593 2841 et
611 2801 691 2843 nuuc
706 2788 886 2847 cunctantur
898 2784 1002 2865 magis,
1017 2784 1108 2863 quim
1119 2802 1159 2843 re·

169 2865 312 2930 sistunt.”
353 2862 515 2923 Concitant
534 2862 636 2940 eqdos,
661 2862 896 2943 permittuntque
917 2863 948 2925 in
972 2864 1097 2933 hostem,
1115 2884 1161 2943 pe·

170 2945 265 3009 destri
280 2946 345 3038 jam
364 2946 516 3003 turbatum
535 2949 656 3024 pugni:
678 2950 717 3012 et,
738 2942 888 3037 perruptis
909 2944 1072 3014 ordinibus,
1098 2942 1162 3003 elati

170 3030 209 3090 ad
223 3024 412 3087 novissimam
433 3023 537 3093 aciem,
560 3042 629 3105 pars
652 3022 748 3095 libero
768 3030 862 3105 spatio
884 3024 1087 3095 circumvecti,
1106 3026 1162 3103 jam

169 3110 270 3190 fugam
297 3106 430 3185 undique
457 3111 647 3185 capessentes
673 3102 831 3185 plerosque
853 3105 870 3163 a
892 3104 998 3165 castris
1019 3109 1163 3169 avertunt,

169 3185 511 3269 praeterequitantesque
523 3186 701 3244 absterrent.
734 3182 879 3243 Peditum
895 3184 983 3254 acies,
1005 3193 1037 3244 et
1065 3182 1162 3245 consul

170 3270 245 3350 ipse,
265 3266 371 3344 visque
384 3263 484 3325 omnis
493 3264 564 3324 belli
577 3263 673 3323 fertur
685 3262 717 3321 in
732 3269 848 3323 castra:
870 3264 1025 3345 captisque
1040 3285 1109 3325 curn
1124 3264 1164 3323 in·

171 3347 254 3431 genti
274 3345 369 3417 caede,
396 3348 507 3425 majore
528 3343 630 3424 praeda
652 3340 774 3421 potitur.
827 3346 926 3424 Hujus
953 3364 1063 3425 pugnae
1092 3344 1166 3405 lama

169 3428 285 3511 perlata
297 3445 357 3487 nou
376 3426 410 3484 in
422 3426 524 3484 urbem
538 3423 636 3493 modo,
663 3424 717 3483 sed
737 3424 770 3484 in
784 3424 906 3485 Sabinos
920 3424 957 3485 ad
974 3425 1103 3485 alterum
1117 3444 1165 3482 ex·

170 3509 307 3572 ercitum.
346 3507 383 3566 In
404 3507 476 3565 urbe
499 3503 608 3565 laetitia
629 3504 716 3564 modi>
744 3505 891 3567 celebrata
918 3512 987 3575 est3
1007 3504 1039 3565 in
1062 3503 1167 3567 castris

170 3590 283 3653 animos
307 3584 436 3645 militum
455 3584 494 3644 ad
507 3583 707 3645 aemulandum
721 3583 813 3645 decus
826 3584 974 3645 accendit.
1014 3584 1081 3645 Jam
1108 3586 1167 3645 Hu-

169 3671 263 3732 ratius
278 3686 337 3735 eos,
350 3663 572 3726 excursionibus
586 3663 770 3734 sufficiendo,
793 3664 964 3745 proeliisque
977 3663 1097 3723 levibns
1120 3683 1168 3725 er·

170 3747 316 3829 periuudo
326 3737 526 3812 assuefecerat
536 3742 591 3803 sibi
604 3742 705 3823 potids
719 3743 822 3815 fidere,
835 3746 924 3823 quim
939 3743 1113 3807 meminisse
1128 3745 1168 3835 ig·

170 3825 308 3885 nominis}
322 3824 556 3883 decemuirorum
569 3823 663 3883 duc-tu
679 3831 810 3905 accepte
826 3844 836 3895 ς
856 3845 1006 3904 parvaque
1026 3834 1169 3885 certami-

170 3904 409 3969 uainsummam
423 3902 716 3987 totiusproieceraat
729 3904 801 3986 spei.
842 3901 909 3967 Nec
934 3905 1094 3972 cessabant
1116 3906 1170 3965 Sa·
