2634 4392
111 358 112 429 J
191 337 249 398 100
270 348 275 356 '
609 326 770 397 'mvn

110 458 113 551 l
190 511 278 557 cessu
293 489 391 555 Fabiis
404 491 560 571 audaciam
573 507 718 556 crescere.
758 493 865 573 Itaque
882 495 913 554 et
925 509 1035 576 pecora
1048 491 1191 576 prre'dan⁴

110 576 112 623 ἵ
189 576 269 635 tibus
282 575 450 654 aliquoties,
476 576 561 635 uelut
582 594 654 636 casu
679 573 865 644 incidissent,
895 575 1010 634 obviam
1038 583 1129 636 actas
1163 579 1192 634 et

110 644 112 725 ἶ
188 654 349 735 agrestium
360 654 432 735 fuga
445 654 524 714 vasti
536 654 635 716 relicti
648 655 728 736 agri:
754 660 787 714 et
799 653 931 716 subsidia
944 662 1142 724 armatorum,
1156 655 1191 714 ad

110 742 112 807 ζ
188 733 335 794 arcendas
358 732 564 814 populationes
577 732 677 803 missa,
697 733 808 826 saepids
832 735 981 804 simulato,
994 737 1093 814 qudm
1114 755 1191 803 vero,

186 833 295 893 pavore
309 812 491 894 refugerunt
531 815 657 892 Jamque
671 814 755 877 Fabil
776 814 854 874 adeo
866 822 1114 896 contempserant
1126 816 1190 875 hos·

110 906 111 913 ’
186 901 258 962 tem,
272 901 307 953 ut
329 913 383 954 sua
405 893 614 953 inuictaarma
635 913 733 972 neque
757 895 823 954 loco
846 913 944 973 neque
967 902 1110 976 tompore
1132 895 1190 954 ullo

188 973 346 1033 crederent
360 971 501 1033 sustineri
513 991 620 1054 posse;
653 973 721 1034 haec
735 989 804 1054 spes
827 973 972 1053 provexit,
997 983 1032 1034 ut
1057 975 1100 1034 ad
1123 994 1191 1034 con⁴

188 1060 292 1131 specta
303 1054 408 1134 procul
434 1053 452 1112 a
476 1051 620 1113 Cremera
641 1071 750 1134 magno
775 1052 872 1132 campi
896 1053 1058 1114 intervallo
1084 1074 1189 1134 pecora

189 1132 372 1212 (quanquam
385 1150 454 1192 rara
464 1132 592 1192 hostium
606 1136 788 1214 apparebant
802 1133 894 1213 arma)
910 1133 1131 1208 decurrerent3
1160 1139 1189 1193 et

187 1231 281 1292 quum
300 1211 459 1293 improvidi
480 1211 573 1272 effuso
594 1229 683 1272 cursu
704 1211 828 1272 insidias
848 1212 952 1272 circai
974 1233 1043 1274 sum
1068 1215 1127 1274 iter
1148 1214 1188 1273 lo·

187 1299 271 1352 eatas
285 1298 486 1372 superassent,
499 1291 651 1371 palatique
672 1292 782 1391 passim
803 1307 888 1383 vaga,
901 1298 935 1352 ut
947 1233 983 1352 lt
1008 1311 1122 1386 pavore
1145 1291 1186 1352 in·

182 1373 274 1451 jecto,
288 1378 428 1452 raperent
440 1391 567 1451 pecora—3
588 1371 686 1430 subito
699 1391 737 1434 ex
750 1371 869 1432 insidiis
881 1382 1085 1454 consurgitur,
1096 1379 1127 1433 et
1137 1371 1184 1431 ad·

186 1452 266 1511 uersi
290 1458 322 1510 et
336 1451 468 1530 undique
481 1451 581 1511 hostes
604 1456 700 1512 erant.
740 1450 841 1511 Primb
865 1453 977 1512 clamor
991 1452 1184 1512 circumlatus

186 1531 339 1599 exterruit,
352 1529 424 1589 dein
444 1531 507 1590 tela
519 1533 556 1591 ab
570 1533 651 1609 omni
665 1536 748 1624 parte
762 1531 957 1602 accidebant3
992 1532 1184 1592 coeuntibus·

186 1629 244 1689 que
266 1609 413 1680 Etruscis,
432 1610 496 1690 jain
509 1610 677 1674 continenti
691 1612 807 1692 agmine
820 1619 1000 1672 armatorum
1014 1612 1108 1692 septi,
1130 1610 1183 1689 qud

184 1690 279 1771 magis
293 1709 325 1750 se
338 1689 432 1750 hostis
445 1690 601 1761 inferebat,
615 1693 796 1772 cogebantur
808 1691 941 1765 breviore
955 1691 1053 1773 spatio
1078 1699 1113 1752 et
1133 1689 1183 1770 ipsi

184 1773 285 1831 orbern
315 1769 476 1852 colligere3
510 1789 579 1850 quse
599 1792 647 1833 res
661 1778 692 1832 et
705 1770 884 1851 paucitatem
906 1785 1006 1832 eorur'n
1027 1771 1182 1852 insignem,

184 1857 216 1909 et
229 1849 453 1917 multitudinem
472 1851 677 1916 Etruscorum,
695 1851 904 1927 multiplicatis
918 1851 950 1910 in
973 1859 1059 1911 arcto
1075 1849 1182 1912 ordini·

182 1933 248 1998 bus,
266 1929 403 1991 faciebat
442 1930 533 1997 Tum,
546 1928 654 1988 omissa
665 1932 778 2064 pugni,
795 1945 885 2004 quam
898 1930 930 1986 in
953 1949 1059 1986 omnes
1085 1935 1181 2006 partes
1210 1993 1211 2002 χ

183 2029 287 2089 parem
299 2008 500 2077 intenderant,
513 2008 545 2067 in
558 2026 651 2066 unum
677 2025 763 2064 ocum
777 2025 810 2066 se
824 2025 926 2065 omnes
945 2005 1118 2077 inclinant3
1151 2003 1181 2064 ed
1210 2017 1211 2040 ³

182 2089 242 2148 nisi
256 2089 425 2170 corporibus
438 2087 596 2166 annisque,
610 2105 717 2169 rupere
731 2105 826 2146 cuneo
840 2085 929 2146 uiam.
968 2085 1066 2145 Duxit
1086 2086 1137 2146 via
1154 2083 1181 2144 iu

184 2168 298 2230 aditum
322 2169 431 2230 leniter
444 2167 568 2238 collem;
601 2166 673 2245 inde
686 2165 953 2247 primdrestitere3
985 2172 1116 2236 mox,‘ut
1138 2182 1179 2222 re·

183 2249 317 2331 spirandi
340 2248 475 2332 superior
486 2248 572 2307 locus
586 2247 716 2328 spatium
737 2245 830 2318 dedit,
843 2245 1068 2328 recipiendique
1079 2246 1111 2306 ,ὰ
1132 2264 1178 2325 pa·

182 2332 254 2389 vore
275 2327 361 2389 tanto
384 2328 525 2396 animum,
546 2328 689 2419 pepulere
710 2325 800 2386 etiam
819 2329 998 2386 subeuntes:
1028 2326 1178 2386 vincebat·
1209 2389 1210 2416 ,

183 2430 242 2488 que
256 2407 368 2469 auxilio
388 2407 447 2467 loci
470 2413 615 2486 paucitas,
628 2406 660 2466 ni
679 2407 753 2486 jugo
774 2404 995 2466 circummissus
1017 2403 1177 2486 Vejensio

181 2488 325 2548 verticem
349 2487 435 2548 collis
449 2483 610 2554 evassiset;
634 2484 677 2544 ita
691 2483 824 2564 superior
846 2505 951 2544 rursus
964 2485 1058 2545 bostis
1076 2485 1176 2544 factus.

182 2568 266 2628 Fabii
288 2566 360 2626 caesi
383 2562 422 2624 ad
449 2583 544 2623 unum
566 2583 680 2632 omnes,
703 2563 935 2644 praesidiumque
959 2573 1176 2656 expugnatum

180 2654 332 2711 trecentos
346 2663 399 2704 sex
412 2641 524 2724 perisse
546 2644 619 2703 satis
640 2643 780 2704 convenit
790 2665 807 2702 a
829 2663 920 2702 unum
935 2664 1024 2724 prope
1039 2647 1175 2725 puberem

181 2734 270 2788 aetate
285 2724 433 2790 relictum,
452 2723 574 2802 stirpem
624 2723 671 2782 nti
685 2722 793 2791 Fabiae,
812 2721 969 2801 dubiisque
983 2726 1073 2784 rebus
1087 2739 1173 2805 popu·

180 2808 203 2866 li
217 2803 345 2867 Romani
357 2821 437 2883 saepe
450 2801 531 2860 domi
550 2805 586 2864 be
612 2802 681 2884 'que
694 2802 743 2861 vel
762 2801 922 2862 maximum
947 2802 1082 2865 futurum
1097 2797 1172 2864 auxi-
1208 2803 1209 2844 l

178 2888 263 2955 lium.

220 2967 275 3026 LI.
296 2965 395 3039 Quum
407 2963 475 3024 baec
489 2966 612 3043 accepta
626 2960 730 3022 clades
752 2967 841 3032 esset,
877 2981 925 3024 am
939 2962 974 3022 C.
988 2960 1133 3024 Horatius
1146 2960 1173 3016 et

180 3049 220 3106 T.
226 3045 389 3108 Menenius
400 3043 538 3104 consules
548 3048 643 3102 erant.
664 3043 827 3103 Menenius
836 2985 977 3102 adversus
987 3043 1105 3102 Tuscos
1115 3037 1171 3097 vic·

178 3123 647 3188 tomaclatoscousestimmissus.
660 3123 992 3201 Tumquoquemaldpu
1034 3120 1171 3181 atumesb
1207 3189 1208 3196 ἵ

180 3207 388 3273 etlaniculum
397 3206 495 3265 hostes
505 3221 704 3282 occupavere:
724 3202 982 3280 obsessaqueurbs
1006 3207 1078 3270 oret,
1089 3213 1170 3290 super
1207 3207 1208 3250 3

178 3287 291 3348 bellu'm
302 3292 421 3346 annona
430 3290 593 3364 premente,
603 3280 796 3418 Stransieraut
809 3279 887 3339 enirn
898 3281 1019 3340 Etrusci
1029 3275 1167 3410 Tiberrmp

179 3367 211 3427 ni
226 3364 371 3426 lbratius
385 3363 497 3423 Consul
513 3382 549 3422 ex
563 3363 610 3420 Vo
622 3361 682 3419 scis
695 3365 775 3420 esset
788 3368 962 3422 reuocatus:
994 3355 1148 3440 adecquei

179 3447 290 3508 bellum
301 3444 374 3523 ipsis
387 3443 498 3503 institit
507 3439 664 3508 moenibus,
678 3445 713 3499 ut
725 3439 819 3520 primo
832 3447 993 3522 pugnaturn
1002 3441 1047 3500 ad'
1056 3435 1123 3522 Spei
1134 3433 1169 3492 sil

180 3547 267 3606 aequo
290 3525 401 3590 dieite,
414 3523 523 3582 iterum
547 3520 585 3589 ad
608 3526 723 3610 portam
738 3519 895 3580 Collinam.
920 3520 981 3580 ¹lbi
1003 3532 1167 3600 quanquam
1206 3595 1207 3600 ἵ

178 3625 271 3686 parvo
283 3609 434 3664 momento
449 3601 583 3682 superior
595 3602 731 3661 Romam
743 3620 791 3660 res
812 3600 879 3668 fuit,
901 3597 1054 3660 meliorem
1074 3606 1166 3657 tamen
1206 3633 1207 3658 r

180 3685 315 3753 militem,
324 3688 449 3761 ,recepto
482 3680 586 3740 ristino
605 3679 714 3749 animo,
732 3679 763 3739 in
778 3679 876 3740 futura
890 3681 1010 3760 proelia
1021 3681 1052 3739 id
1077 3681 1165 3737 certa·

180 3783 249 3822 men
269 3762 352 3821 fecit
393 3763 430 3819 Α.
481 3759 604 3839 irginius
628 3767 659 3819 et
673 3761 723 3839 Sp.
748 3759 892 3818 Servilius
917 3759 1053 3820 consules
1076 3758 1165 3820 fiunt;

179 3849 248 3920 post
260 3847 414 3921 acceptam
426 3838 591 3918 proximam
612 3859 722 3922 pugnas
737 3839 854 3902 cladem
876 3839 1019 3920 Vspentss
1039 3836 1165 3900 abstinu-
