2634 4392
144 291 184 345 ss
565 231 726 344 rrssnrvn

144 463 217 505 nare
226 443 261 502 l”
275 445 418 522 tantoque
431 459 588 512 consensu,
602 448 716 522 quanto
726 442 806 503 haud
820 441 977 522 quisquam
990 441 1072 504 alius
1097 465 1152 506 aa·
1221 494 1222 497 ,

144 526 186 594 ts,
206 541 258 583 rex
273 527 319 582 est
341 521 522 582 declaratus.
562 522 720 601 Nequeea
743 544 791 583 res
814 521 982 602 Tarquinio
1005 543 1020 584 s
1060 545 1093 584 m
1106 525 1153 586 af-

144 599 277 666 fectandi
291 601 375 684 regni
398 601 525 672 minuit;
549 601 648 662 -immb
667 604 705 664 eb
720 602 900 684 impensius,
921 602 993 683 quia
1014 544 1059 665 dd
1080 625 1153 686 agro

143 684 240 766 plebis
263 683 389 744 adversa
418 683 538 742 Patrum
561 681 715 744 voluntate
735 687 871 744 senserat
890 683 948 766 agi,
969 683 1155 747 criminandi

146 763 242 824 Servii
255 763 335 845 apud
360 763 473 832 Patres,
497 761 712 842 crescendique
734 763 864 826 incuria
884 764 940 825 sibi
960 764 1154 825 occasionem

144 845 246 906 datam
259 851 341 910 ratus
352 851 408 912 est,
417 851 450 904 et
459 842 524 924 ipse
533 842 654 923 juvenis
664 843 799 904 ardentis
808 843 910 914 animi,
921 849 954 905 et
962 844 1043 904 domi
1057 864 1155 906 uxore

143 925 249 986 'sullis
262 923 431 1017 inquietum
452 922 584 984 animum
605 924 788 985 stimulante.
827 924 915 986 Tulit
937 923 1068 1004 enimet
1089 925 1154 985 Ro·
1222 933 1224 975 ἰ

143 1026 233 1068 mana
253 999 472 1086 regra'sceleris
485 1003 592 1085 tragici
615 1004 795 1086 exemplum,
807 1010 843 1064 ut
862 1004 956 1066 taedio
968 1025 1074 1086 regum
1089 1026 1155 1066 ma·
1222 1016 1223 1075 ζ

143 1087 238 1146 turior
252 1084 369 1145 ueniret
380 1083 523 1154 libertas3
544 1084 743 1164 ultimumque
755 1104 878 1166 regnum
888 1091 978 1166 esset,
988 1085 1072 1162 quod
1086 1087 1155 1146 sce·

143 1167 207 1228 lere
240 1170 338 1226 artum
350 1163 437 1226 foret.
479 1163 538 1224 llic
552 1163 590 1224 L.
604 1164 788 1243 Tarquinius
797 1163 910 1244 (Prisci
922 1159 1086 1244 Tarquinii
1107 1185 1156 1226 re·

104 1321 106 1325 Ι
144 1247 189 1328 gis
205 1189 284 1306 filius
298 1263 431 1328 neposne
450 1242 669 1330 fuerit,parum
683 1243 799 1323 liquet3
818 1243 952 1323 pluribus
965 1251 1071 1314 tamen
1080 1265 1155 1306 auc·
1223 1276 1225 1315 ᾗ

143 1325 257 1388 toribus
283 1323 376 1387 filium
401 1323 557 1405 ediderim)
581 1323 705 1385 fratrem
730 1324 873 1384 habuerat
898 1327 1047 1385 limantem
1075 1325 1155 1386 Tar·

143 1407 290 1486 quinium,
309 1404 391 1465 mitis
403 1402 515 1543 inqenii
534 1406 688 1484 juvenem.
728 1403 788 1464 His
811 1403 936 1475 duobus,
952 1411 1073 1466 mente
1088 1405 1154 1465 dic·
1223 1414 1224 1437 l

142 1493 208 1548 tum
231 1493 288 1555 est,
300 1486 369 1546 duae
394 1484 445 1542 Tu
457 1483 518 1554 liae,
532 1482 611 1564 regis
624 1482 708 1552 filiae,
730 1493 903 1565 nupserant,
927 1490 958 1545 et
970 1485 1046 1565 ipsae
1060 1486 1156 1566 longe
1223 1486 1224 1519 f

142 1567 277 1648 dispares
298 1563 437 1626 moribus.
452 1568 454 1570 ’
478 1563 625 1625 Fortuita
647 1561 805 1634 inciderat,
818 1584 856 1624 ne
872 1565 933 1626 duo
944 1565 1092 1625 'violenta
1105 1565 1153 1624 in·

91 1705 96 1710 .
142 1649 230 1730 genia
249 1644 438 1706 matrimonio
459 1645 667 1724 jungerentur,
690 1641 822 1714 senuna,
841 1644 939 1713 creda
956 1645 1063 1738 populi
1089 1646 1153 1704 Ro-

143 1728 224 1792 mani
238 1726 299 1808 qub
310 1724 482 1787 diuturnius
504 1723 600 1786 Servii
621 1730 747 1806 regnum
760 1730 850 1793 esset,
870 1730 1011 1785 constitui
1032 1744 1072 1785 ue
1088 1723 1153 1785 civ·
1224 1734 1226 1763 ¹

142 1809 226 1870 itatis
239 1825 336 1868 mores
357 1811 489 1887 possent-
528 1807 706 1943 Anp'ebatur
725 1804 811 1866 ferox
830 1804 944 1874 Tullia,
957 1745 1031 1864 nihii
1053 1811 1154 1864 mate·
1224 1815 1226 1851 =

142 1889 196 1950 riae
209 1889 241 1949 in
256 1887 320 1948 viro
340 1905 439 1965 neque
451 1884 490 1946 ad
505 1905 542 1944 cu
563 1885 575 1944 i
597 1883 709 1961 'tatem
722 1903 821 1964 neque
841 1883 880 1944 ad
893 1883 1049 1944 audaciam
1063 1903 1154 1956 esse;
1224 1886 1225 1909 ¹

140 1969 250 2030 totuin
263 1967 392 2028 alterum
415 1983 502 2026 versa
552 1962 813 2042 sicutnumerus
835 1962 1027 2033 mirari,cum
1049 1963 1154 2026 virum
1224 2022 1225 2027 ,

143 2049 254 2118 dicere,
268 2067 303 2108 ac
315 2045 395 2128 regio
404 2043 553 2136 sanguine
564 2051 679 2116 ortum3
698 2063 840 2125 spernere
853 2043 1091 2123 sororem'qubd
1105 2043 1154 2104 vi·
1224 2064 1225 2077 ¹

106 2185 108 2191 ,
143 2149 209 2189 rum
224 2133 314 2189 nacta
336 2125 474 2186 muliebri
498 2129 631 2189 cessaret
652 2122 791 2185 audacis.
829 2123 989 2186 Conbabit
1012 2124 1154 2186 celeriter

143 2208 308 2270 similitudo
320 2227 381 2277 eos,
393 2210 428 2266 ut
439 2205 502 2266 ferd
515 2204 551 2266 lit
564 2203 773 2267 malum‘malo
786 2204 995 2286 aptissimum
1025 2204 1079 2266 sed
1092 2204 1153 2264 ini·
1225 2236 1227 2249 =

143 2290 220 2351 tium
228 2285 374 2350 turbandi
394 2283 649 2350 omniadsemiua
671 2293 769 2348 ortum
782 2292 838 2346 est.
877 2285 932 2354 Ea,
945 2284 1069 2346 secretis
1094 2282 1154 2345 viri
1225 2352 1226 2359 ἵ

143 2370 234 2432 alieni
258 2367 429 2432 assuefacta
452 2365 645 2434 sermonibus,
668 2363 761 2424 nullis
783 2367 940 2425 verborum
961 2364 1153 2426 contumeliis
1225 2428 1226 2439 χ

143 2471 275 2534 parcere,
289 2450 328 2510 de
342 2448 406 2508 viro
419 2446 457 2506 ad
471 2444 602 2514 fratrem,
616 2443 655 2504 de
674 2463 774 2504 sorore
791 2444 830 2505 ad
844 2443 961 2515 viram
993 2449 1071 2505 etse
1084 2465 1153 2506 rec·
1225 2444 1226 2513 ἶ

142 2531 205 2591 tius
229 2530 350 2590 viduam
364 2526 493 2588 stillum
516 2523 654 2587 ooelibem
679 2521 815 2586 futurum
837 2523 932 2585 fuisse
955 2525 1152 2595 contendere,

143 2611 235 2692 qudm
259 2625 327 2670 'cum
340 2606 446 2688 impari
465 2602 562 2686 jungi,
575 2611 611 2666 ut
633 2603 904 2686 elanguescendum
917 2604 1016 2666 allent
1030 2603 1154 2686 Quavis

144 2698 233 2752 esset.
271 2688 306 2749 Si
330 2687 386 2748 sibi
408 2707 485 2755 eum,
498 2703 558 2765 quo
571 2683 663 2766 digua
686 2691 775 2755 esset,
796 2685 851 2768 ¹llil
874 2684 1029 2746 dedissent
1042 2683 1151 2754 virum

143 2770 224 2832 domi
238 2790 270 2831 se
283 2766 456 2850 propediem
479 2764 610 2826 visuram
633 2785 758 2847 regnum
770 2764 968 2846 fuisse,quod
991 2765 1071 2846 apud
1139 2796 1152 2809 ·

142 2857 221 2912 trem
234 2849 356 2918 videat;
377 2845 515 2907 celeriter
528 2845 754 2906 adolescentem·
764 2865 827 2908 sure
841 2844 1020 2908 temeritatis
1033 2845 1151 2927 impet.

144 2935 246 2994 Amne
267 2925 453 3008 Tarquinius
467 2932 499 2988 et
511 2923 614 2986 Tullia
627 2925 733 2995 minor,
745 2945 838 3008 prope
850 2925 1033 2989 continuatis
1046 2925 1150 2988 funer-

142 3013 209 3074 ibus
220 3030 312 3092 quum
326 3008 428 3070 domos
441 3025 551 3068 vacuas
566 3025 643 3066 novo
656 3004 846 3068 matrimonio
856 3007 1152 3088 fecissentjungun·

143 3100 192 3155 tur
206 3113 247 3153 nu
268 3091 328 3161 tiis,
341 3087 434 3171 magis
447 3107 507 3148 nun
524 3086 700 3168 probibente
722 3086 834 3156 Servio,
847 3107 939 3178 quam
959 3086 1150 3166 approbante.

183 3114 314 3233 xuill.
334 3170 416 3230 Tum
429 3169 501 3230 verb
514 3167 546 3228 in
560 3167 625 3229 dies
637 3167 774 3228 infestior
787 3165 883 3226 Tullii
895 3173 1045 3233 senectus,
1054 3163 1150 3226 infes-

143 3253 205 3314 tius
219 3251 313 3390 coepit
325 3269 449 3332 regnum
462 3268 548 3318 esse3
564 3250 630 3328 jam
643 3245 724 3308 enim
736 3248 774 3308 ab
785 3246 900 3308 scelere
912 3246 952 3307 ad
965 3242 1048 3307 aliud
1061 3265 1150 3326 spec·

143 3340 208 3396 tare
222 3349 272 3392 mu
285 3331 329 3390 ier
343 3331 460 3404 scelus3
493 3347 550 3390 neo
570 3332 669 3397 nocte,
682 3345 742 3388 nee·
757 3326 890 3388 interdiu
913 3326 1080 3388 virumcon
1102 3325 1148 3385 ui·

144 3433 246 3476 escere
280 3410 331 3480 ati,
344 3431 383 3472 ne
396 3408 527 3492 gratuita
545 3407 701 3488 praeterita
719 3406 880 3489 parricidia
899 3414 1010 3470 essent.
1049 3420 1067 3446 “
1109 3425 1148 3466 on

144 3495 202 3558 sibi
215 3493 253 3554 de
287 3490 356 3560 isse,
373 3491 422 3550 cui
443 3495 538 3570 nupta
550 3487 712 3558 diceretur,
725 3508 780 3550 nec
794 3508 864 3549 cum
876 3486 937 3568 quo
949 3487 1043 3550 tacita
1054 3485 1147 3549 serui·

143 3583 194 3637 ret
201 3596 211 3646 3
241 3570 383 3640 defuisse,
397 3570 449 3648 qui
463 3590 496 3631 se
509 3589 601 3663 regno
614 3567 738 3660 dignum
751 3575 888 3650 putaret3
920 3567 975 3648 qui
995 3566 1146 3631 meminis-

144 3662 193 3718 set
206 3674 238 3716 se
254 3671 320 3716 esse
334 3641 431 3712 Prisci
443 3649 605 3730 Tarquinii
617 3647 731 3720 filium
765 3649 817 3730 qui
838 3649 957 3719 babere,
968 3651 1067 3729 qudas·
1079 3665 1147 3728 spe·

143 3756 222 3806 rare,
235 3752 359 3816 regnum
372 3731 485 3792 mallet.
527 3729 560 3790 Si
573 3737 607 3792 tu
620 3729 646 3790 is
671 3750 714 3801 es,
727 3730 778 3791 cui
791 3736 914 3812 nuptam
928 3749 995 3792 esse
1007 3749 1056 3792 me
1069 3725 1146 3788 arbi·

145 3822 217 3886 tror,
230 3821 262 3880 et
273 3814 370 3878 uirum
383 3817 415 3878 et
426 3830 528 3896 regem
551 3809 688 3896 appello;
718 3810 765 3874 sin
786 3809 895 3882 minda,
907 3812 945 3874 eb
967 3829 1047 3873 nunc
1059 3808 1145 3893 pejus
