2634 4392
498 383 500 388 ,
542 303 685 390 mann
698 303 775 364 m.¹
1098 311 1156 368 193
1217 398 1218 405 Ν

152 469 224 530 tant
234 479 253 538 ς·
263 482 330 538 nee,
344 486 381 528 ex
395 485 455 546 quo
468 465 686 528 eastriseastra
703 464 813 524 collata
823 468 903 535 sunt,
913 468 1063 526 cessatum
1079 463 1095 522 al
1109 461 1155 524 le·

151 547 235 608 vibus
248 547 365 628 proeliis
385 557 431 608 est
445 567 454 616 ς
476 545 565 606 facile
589 546 722 626 patiente
737 545 892 615 dictatore,
906 544 1087 606 conterendo
1107 543 1152 603 vi-

152 647 199 688 res
214 647 297 708 spem
311 629 464 690 universe.
473 627 617 695 victoriae,
644 632 760 688 tentato
774 625 918 705 paulatim
932 640 1040 686 eventu
1056 635 1153 685 carta·

151 707 274 777 minum,
288 727 357 768 suos
370 707 544 790 praecipere.
585 708 694 785 ltaque
706 705 816 774 hostes,
830 706 914 766 uullt
928 705 959 764 in
971 705 1076 786 psoelio
1084 707 1153 785 jus·

150 791 180 847 to
193 789 298 848 relicti
313 808 375 869 spe,
387 793 476 848 noctu
488 785 584 848 adorti
595 794 695 848 castra
705 786 846 854 consulis
859 806 922 846 rem
936 785 967 844 in
982 803 1085 844 casum
1097 805 1153 846 an·

150 865 248 946 cipitia
263 873 389 928 eveutds
412 866 610 930 committunt.
651 866 773 928 Clamor
787 866 884 926 subito
898 872 991 934 ortua
1005 884 1064 925 nou
1079 884 1152 926 eon·

149 946 221 1008 sulis
236 947 325 1008 modo
338 947 454 1030 vigiles,
468 948 629 1011 exercitum
646 946 757 1007 deiude
771 966 898 1015 omnem,-
910 947 963 1006 sed
974 946 1152 1008 oinntorem

148 1047 267 1108 quoque
281 1047 319 1088 ex
333 1048 435 1088 somno
459 1027 579 1088 excivit
622 1027 681 1087 Ubi
704 1027 846 1107 praesenti
869 1037 924 1106 ope
945 1045 993 1085 res
1014 1031 1152 1106 egebant,

147 1110 253 1168 consul
269 1121 324 1168 nec
338 1109 437 1170 animo
451 1107 571 1177 defecit,
585 1127 641 1168 nec
659 1105 809 1167 consilioz
828 1127 898 1188 pars
909 1105 1037 1166 militum
1050 1113 1151 1186 porta·

145 1205 212 1248 rum
226 1188 370 1248 stationes
383 1189 503 1251 firmant
517 1209 526 1247 ι
547 1207 616 1268 pars
630 1193 739 1248 coron-t
752 1187 864 1247 vallum
879 1186 1013 1266 cingunt
1054 1189 1091 1246 ln
1105 1186 1150 1247 al-

143 1268 216 1328 teris
241 1269 320 1360 apud
334 1269 513 1330 dictatorem
527 1268 642 1337 castris,
664 1266 837 1346 quominus
860 1267 1010 1326 tumultus
1030 1273 1086 1336 est,
1113 1286 1150 1326 eo

143 1348 212 1428 plus
226 1349 483 1418 ammadiertitur,
498 1347 570 1427 quid
584 1367 660 1428 opus
674 1347 754 1407 tacto
768 1348 827 1418 sit3
848 1347 938 1407 misso
949 1347 1098 1485 extemplo
1109 1347 1148 1407 ad

143 1433 245 1486 castra
258 1427 399 1497 subsidio,
413 1429 461 1487 cui
476 1427 527 1507 Sp.
540 1426 711 1488 Postumius
725 1428 822 1487 Albus
833 1428 951 1508 legatus
974 1447 1034 1506 pra
1061 1426 1147 1496 citur,

140 1505 208 1588 ipse
241 1513 324 1586 parte
359 1506 509 1588 copiarum
540 1527 632 1588 parvo
656 1506 783 1566 circuitu
809 1508 910 1566 locum
936 1506 1065 1565 maxim&
1099 1527 1147 1568 se·

142 1592 259 1646 oretum
286 1589 323 1646 ab
349 1587 480 1650 tumultu
507 1587 593 1668 petit,
631 1586 712 1646 unde
739 1606 777 1646 ex
804 1606 878 1646 neco
900 1589 982 1647 inato
1008 1604 1146 1649 aversum

138 1663 256 1728 hostem
269 1665 405 1726 invadat.
428 1667 464 1740 Q.
480 1666 646 1745 Sulpicium
661 1667 791 1746 legatum
805 1608 935 1745 praedcit
948 1666 1078 1726 castrias
1099 1669 1145 1728 M.

140 1744 232 1806 Fabio
256 1746 355 1826 legato
372 1746 508 1827 assignat
529 1747 646 1824 equites
661 1766 671 1816 3
691 1765 748 1804 nec
762 1753 832 1805 aute
846 1744 945 1804 lucem
960 1765 1076 1806 movere
1093 1750 1145 1828 ju·

139 1825 191 1886 bet
211 1843 343 1895 manum,
371 1826 449 1885 inter
471 1837 631 1886 nocturnos
651 1825 798 1885 tumultus
814 1823 965 1893 moderatu
980 1827 1144 1889 difficilem.

139 1904 258 1977 Omnia,
282 1925 351 1984 quae
372 1905 421 1966 vel
442 1907 519 1965 alius
532 1904 692 1986 imperator
707 1905 839 1984 prudeus
863 1912 894 1964 et
906 1905 1031 1988 impiget
1044 1907 1074 1967 iu
1090 1909 1143 1970 tali

137 2003 169 2042 re
191 1983 371 2065 praeciperet
394 1993 562 2078 ageretque,
585 1984 724 2065 praecipit
736 1985 841 2045 ordine
855 1992 946 2076 atque
960 1987 1044 2066 agit3
1064 1989 1141 2048 illud

136 2063 280 2122 eximium
295 2065 412 2124 consilii
425 2066 574 2144 animique
596 2064 757 2145 specimen,
777 2074 809 2124 et
821 2073 995 2143 neutiquam
1010 2067 1141 2148 vulgatae

134 2142 248 2212 laudis,
262 2144 342 2222 qudd
355 2145 433 2204 ultro
447 2145 486 2204 ad
500 2144 698 2228 oppugnanda
717 2152 815 2206 castra
829 2145 968 2214 hostium,
982 2149 1062 2206 unde
1077 2168 1140 2209 ma·
1220 2202 1221 2205 ,

129 2224 197 2303 jore
212 2221 330 2314 agmine
345 2223 494 2304 profectos
509 2225 694 2306 exploratum
708 2223 816 2293 fuerat,
831 2225 876 2284 M.
892 2225 1138 2305 Geganium'cum

135 2303 306 2362 cohorubus
320 2303 446 2364 delectis
460 2303 542 2364 misit
553 2325 563 2375 3
583 2303 644 2384 qui,
652 2313 810 2386 postquam
820 2304 951 2364 intentos
963 2305 1095 2365 homines
1106 2307 1137 2370 in

134 2389 275 2444 eventum
296 2382 421 2464 periculi
442 2383 543 2453 alieni,
567 2405 622 2465 pro
645 2403 678 2444 se
704 2385 842 2445 incautos
863 2385 1007 2465 neglectis
1028 2385 1137 2469 vigiliis

133 2463 378 2542 stationibusque,
405 2471 453 2526 est
474 2465 606 2535 adortus,
633 2465 717 2545 prids
731 2468 807 2548 pene
822 2467 903 2545 cepit
921 2472 1030 2534 castra,
1044 2468 1135 2546 quum

133 2541 297 2624 oppugnari
311 2545 410 2604 hostes
425 2544 496 2604 satis
510 2544 646 2614 scirent3
667 2544 748 2613 inde,
775 2543 865 2612 luido,
892 2551 924 2605 et
944 2554 1135 2618 convenerat,

131 2623 234 2684 datum
249 2622 365 2702 signum
388 2624 435 2684 ubi
450 2630 642 2704 conspectum
666 2627 703 2684 ab
726 2623 871 2685 dictatore
894 2630 950 2695 est,
976 2626 1134 2698 exclamat,

132 2723 164 2764 ca
187 2711 219 2763 ta
235 2704 361 2763 hostium
376 2713 483 2774 castra,
504 2703 701 2784 nunciarique
715 2723 825 2784 passim
835 2707 931 2786 jubet.

165 2725 317 2844 ltxvlu.
338 2785 379 2842 Et
396 2787 458 2864 jam
473 2785 652 2856 lucescebat,
667 2786 825 2864 omniaque
846 2788 901 2845 sub
914 2785 1010 2846 oculis
1022 2794 1108 2848 amnt
1122 2809 1131 2846 a

131 2869 158 2922 et
171 2863 282 2924 Fabius
297 2881 364 2922 eum
379 2863 511 2942 equitatu
526 2867 670 2942 impetum
681 2863 816 2933 dederat,
837 2871 869 2925 et
882 2861 986 2925 consul
1000 2868 1130 2948 eruptio,-

130 2961 196 3004 nem
212 2946 228 3000 ὲ
250 2942 402 3002 cestriam
416 2943 547 3020 trepidos
565 2945 628 3021 jam
648 2944 749 3004 hostes
764 2945 886 3004 fecerat.
926 2945 1063 3008 Dictator
1075 2969 1129 3008 au·

125 3029 197 3090 tem.
207 3023 304 3102 'parte
318 3021 413 3082 altere
429 3021 559 3081 sumita
573 3029 604 3080 et
628 3023 790 3082 secundem
806 3023 899 3084 aciem
913 3025 1044 3095 adortus,
1069 3048 1128 3088 cu·-

130 3101 297 3181 cumagenti
319 3101 402 3160 seed
418 3101 552 3161 dissonos
567 3101 711 3162 clamores
726 3123 760 3161 ac
775 3105 886 3163 subitos
900 3107 1047 3164 tumultus
1061 3108 1127 3168 hos·
1205 3107 1208 3112 ’

128 3183 150 3240 ti
177 3181 310 3260 undique
338 3183 487 3260 objecerat
515 3181 656 3240 victorem
679 3184 810 3262 peditem
837 3183 1016 3264 eqitemque.
1057 3188 1126 3248 Cir·

128 3260 281 3320 oumventi
303 3261 393 3342 igitur
403 3257 511 3339 jamin
525 3262 623 3320 iucdio
639 3263 676 3322 ad
691 3268 783 3322 unum
797 3283 900 3323 omnes
911 3285 1015 3345 peenas
1029 3271 1124 3329 renel·

128 3339 214 3402 lionis
228 3339 390 3410 dedissent,
411 3341 441 3399 ui
457 3341 577 3402 Ventius
597 3343 725 3402 tlassius
739 3361 775 3402 ex
793 3343 916 3412 Volscis,
940 3347 1064 3407 notitior
1077 3349 1123 3413 vir

127 3419 223 3488 lactis,
247 3421 337 3498 quim
367 3441 478 3498 eneis,
498 3423 561 3500 jum
583 3425 682 3482 orbem
699 3424 851 3484 volventes
872 3443 941 3484 suos
962 3428 1120 3507 increpans

127 3500 206 3562 claud
222 3519 304 3568 voce,
316 3511 335 3536 ¹¹
348 3443 406 3562 liic
431 3503 613 3580 praebitnn,”
627 3503 734 3581 inquit,
755 3514 772 3538 ‘⁶
784 3522 837 3562 vos
849 3504 918 3564 telis
931 3507 1057 3566 hostium
1072 3529 1120 3568 es·

127 3579 163 3640 tis
186 3579 343 3648 indefensi,
369 3581 480 3640 inulti?
521 3582 599 3655 Quid
623 3581 714 3662 igitur
727 3601 809 3643 arina
823 3583 959 3646 habetis?
979 3594 1031 3646 aut
1045 3589 1128 3666 quid·

130 3660 203 3720 ultro
217 3661 327 3720 bellum
338 3659 479 3720 intulistis
494 3680 503 3730 ;
523 3661 555 3720 in
569 3663 629 3722 otio
641 3663 826 3733 tumultuosi,
839 3665 871 3723 in
884 3665 963 3725 bello
983 3670 1118 3746 segues?

129 3739 202 3810 Quid
216 3741 265 3800 hio
280 3739 427 3798 stantibus
438 3742 500 3820 spei
514 3741 581 3802 est?
605 3762 642 3800 uu
655 3743 753 3801 Detm
764 3743 893 3822 aliquem
911 3757 1114 3824 protecturum

126 3837 184 3886 vos,
198 3825 408 3898 rapturumque
422 3819 489 3879 hino
504 3821 637 3900 putatis?
657 3821 737 3882 ferro
752 3823 798 3884 via
811 3824 948 3884 facienda
959 3836 1015 3886 est
1036 3829 1114 3900 flac,

126 3911 183 3974 qua
196 3918 242 3958 me
264 3917 461 3982 praegressum
475 3899 617 4042 qqderids,
640 3901 729 3983 agite,
741 3907 794 3984 qui
808 3905 899 3966 visuri
923 3906 1035 3980 domos,
1058 3930 1111 3993 pa-
