2634 4392
547 297 678 358 arsen
690 297 733 358 11.
1096 305 1135 371 ar
1223 375 1227 384 .

142 458 208 538 pitio
227 460 366 519 utebatur
383 455 465 517 'Attii
485 456 580 517 Tulli.
620 456 724 537 Longe
744 457 769 518 is
790 462 854 518 tum
874 457 1012 539 princeps
1032 456 1137 520 Volsci

142 537 261 598 nominis
275 544 349 606 crat,
364 536 566 616 Romanisque
586 557 704 618 semper
717 536 867 608 infestus;
886 538 930 598 ita
943 557 1034 617 qurum
1059 538 1135 599 alte·
1222 577 1227 592 ι

142 635 201 678 rom
233 624 320 679 vetus
340 617 451 686 odium,
471 617 597 677 alterum
617 617 664 677 ira
683 637 789 678 recens
809 616 987 686 stimularet,
1012 616 1137 686 consilia
1216 635 1223 699 g

142 697 292 758 cobserent
312 698 351 757 de
371 699 506 757 Romano
524 697 611 758 bello.
653 696 744 758 Haud
764 696 854 758 facile
875 697 1047 768 credebant,
1071 698 1136 779 ple·
1217 752 1221 767 ,

141 781 202 838 bem
214 797 299 838 suam
319 774 432 857 impelli
453 797 549 857 posse,
570 783 604 838 ut
623 776 714 838 toties
734 775 896 838 infeliciter
915 783 1033 838 tentata
1056 797 1138 840 arma

141 865 295 937 caperent3
316 857 421 917 multis
441 876 523 950 saepe
542 856 640 927 bellis,
660 855 833 938 pestilentia
854 857 1005 937 postremo
1028 857 1138 918 amissa
1216 872 1224 886 ’

136 936 299 1016 juventute,
321 936 430 998 fractos
451 936 574 1018 spiritus
594 957 684 997 esser
715 945 781 998 arte
801 937 948 1029 egendum
968 937 1001 998 in
1021 937 1139 998 exoleto
1217 970 1221 985 ι

136 1019 193 1095 jam
213 1025 364 1079 vetustate
383 1017 462 1089 odio,
494 1024 531 1078 ut
549 1017 665 1078 recenti
694 1017 796 1098 aliqua
823 1023 868 1078 rra
889 1019 1139 1080 exacerbarentur

140 1117 236 1157 anrmr.

174 1175 318 1256 xxxvl.
339 1175 560 1238 Ludiiorteex
577 1176 835 1256 instaurationem
895 1173 1032 1238 illomae
1052 1195 1138 1259 para·
1219 1252 1221 1261 Ι

138 1255 264 1327 bantura
283 1256 472 1318 instaurandi
491 1257 554 1317 haec
576 1277 666 1318 causa
685 1255 792 1318 fuerat.
881 1255 949 1316 udis
970 1257 1056 1317 mane
1077 1275 1139 1317 ser·

138 1353 203 1396 rum
224 1337 349 1416 quidam
369 1337 586 1418 paterfamiliae,
613 1337 745 1398 nondum
780 1339 936 1398 commisso
957 1336 1140 1418 spectaculo,

138 1419 186 1475 rub
200 1417 292 1476 furca
303 1436 414 1476 cesum
432 1417 532 1477 medio
546 1423 648 1497 egerat
668 1418 765 1488 circo;
796 1416 889 1498 ooepti
909 1416 980 1478 inde
992 1415 1067 1485 ludi,
1088 1436 1139 1478 ve·

136 1493 176 1553 lut
191 1515 231 1555 ea
245 1514 293 1555 res
307 1493 379 1558 ailril
399 1495 438 1556 ad
451 1496 624 1578 religionem
644 1497 846 1577 pertinuisset.
886 1496 977 1557 Haud
997 1496 1040 1558 ita
1063 1493 1140 1556 mul·
1225 1501 1226 1518 ,

136 1575 162 1632 a
178 1580 260 1653 post,
273 1573 323 1634 Ti.
349 1575 464 1646 Atinio,
478 1577 517 1636 de
531 1577 616 1656 plebe
629 1576 752 1646 homini,
774 1577 920 1638 somnium
940 1574 1008 1636 fuit.
1047 1573 1140 1638 Visus

135 1653 251 1732 iupiter
283 1654 394 1724 dicere,
427 1655 520 1714 “Sibi
552 1656 632 1714 ludis
660 1657 899 1735 praesultatorem
929 1653 1140 1735 displicuisset

135 1733 188 1791 nisi
201 1733 362 1814 magnifice
382 1734 621 1794 instaurarentur
634 1735 665 1794 hi
686 1735 759 1804 ludi,
780 1735 945 1816 periculum
966 1734 1032 1795 urbi
1053 1733 1140 1808 furer

135 1812 197 1881 iret,
219 1833 257 1872 ea
271 1811 645 1874 consulibusnonciaret.”
688 1815 867 1895 Quanquam
887 1815 968 1876 haud
981 1817 1052 1876 sane
1066 1815 1141 1876 liber
1201 1887 1208 1895 ι

135 1901 197 1952 erat
210 1893 355 1975 religione
375 1892 502 1962 animus,
522 1893 705 1955 verecundia
724 1902 826 1956 tamen
847 1895 1011 1976 majestatis
1032 1894 1140 1976 magis·

135 1976 266 2032 tratuum
280 1973 417 2033 timorem
432 1972 513 2042 vieit‚
536 1983 575 2038 ne
588 1974 619 2034 in
634 1994 686 2034 ora
706 1975 857 2036 hominum
869 1995 923 2055 pro
936 1973 1064 2034 ludibrio
1077 1975 1140 2036 abi·

134 2060 186 2110 ret.
252 2054 365 2132 Magno
386 2052 432 2110 illi
453 2072 488 2110 ea
508 2053 660 2113 cunctatio
674 2056 757 2115 stetit
767 2075 781 2130 ;Ι
796 2055 892 2115 tilium
912 2073 1042 2134 namque
1061 2054 1141 2118 intra

135 2149 247 2210 paucos
261 2132 327 2188 dies
340 2129 456 2199 amisit3
490 2132 576 2208 cujus
590 2133 755 2209 repentinae
771 2134 868 2194 cladis
881 2153 919 2193 ne
939 2153 1030 2194 causa
1050 2133 1141 2196 dubia

135 2218 224 2277 esset,
246 2228 327 2290 aegro
348 2207 439 2267 animi
460 2209 565 2268 eadem
585 2209 638 2269 illa
663 2211 695 2270 iu
717 2213 828 2272 somnis
849 2214 1004 2273 obversata
1024 2215 1139 2294 species

136 2291 196 2349 risa
217 2299 267 2347 est
288 2289 424 2368 rogitare,
455 2301 472 2324 ‘¹
485 2289 582 2348 Satin'
603 2309 738 2370 magnam
769 2291 861 2372 spreti
893 2291 1021 2352 numinis
1052 2293 1140 2354 babe-

135 2379 178 2428 ret
192 2368 388 2428 mercedem?
407 2371 548 2447 majorem
562 2370 683 2439 instare,
704 2371 735 2430 ni
748 2379 799 2432 eat
811 2390 946 2452 propere,
960 2390 998 2430 ac
1016 2373 1139 2435 nunciet

135 2447 339 2508 consulibus.”
380 2449 447 2508 lam
469 2450 644 2529 presentior
658 2471 707 2511 res
727 2459 812 2512 erat:
833 2457 1026 2512 cunctantem
1039 2459 1140 2513 tamen

136 2548 167 2586 ac
188 2529 391 2610 prolatantem
405 2528 511 2607 irrgons
525 2530 572 2590 vis
592 2532 685 2590 morbi
701 2533 805 2593 adorta
818 2538 865 2592 est
885 2531 1040 2593 debilitate
1061 2533 1140 2592 subi-

135 2615 174 2666 ta.
232 2607 312 2665 'l'um
335 2607 485 2668 enimvero
508 2611 636 2670 Deorum
660 2612 704 2671 ira
723 2613 899 2682 ailrnonuit3
931 2612 1030 2672 sessus
1051 2611 1139 2694 igitur

136 2687 220 2746 malis
244 2689 404 2767 praeteritis
425 2690 674 2770 instantibusque,
696 2694 820 2753 corasilio
840 2691 1072 2773 propinquarum
1085 2693 1139 2752 ad-

135 2765 236 2837 hibito,
256 2788 350 2846 quum
364 2770 530 2848 visamque
551 2772 662 2840 a‘orl'rta,
684 2781 714 2833 et
735 2777 921 2833 obversatum
935 2773 1023 2832 toties
1038 2789 1140 2834 somno

136 2847 248 2914 lovem,
265 2849 359 2906 minas
380 2849 498 2927 irasque
513 2852 660 2919 ecelesiae,
684 2853 1048 2932 1·eprmsentatascasibus
1069 2854 1139 2925 suia,

137 2929 342 3005 exposuisset3
364 2947 510 2985 consensu
532 2929 602 2988 inde
624 2932 701 2989 baud
723 2933 812 2992 dubio
834 2933 974 3000 onrrrium,
995 2932 1047 3011 qui
1068 2935 1139 2993 ade·

137 3020 208 3076 runt,
224 3009 257 3064 in
274 3006 369 3063 l'orom
385 3007 422 3064 ad
441 3010 577 3066 consules
592 3010 700 3068 lectica
715 3012 869 3082 arll'ertur3
890 3013 960 3071 inrle
981 3013 1012 3071 in
1027 3013 1139 3074 curiam

134 3085 215 3162 jussu
240 3088 397 3145 consulum
418 3086 548 3153 delarue,
562 3089 665 3146 eadem
686 3089 738 3148 illa
759 3111 851 3168 quum
874 3093 1011 3150 Patribus
1025 3091 1139 3172 ingenti

138 3167 267 3223 onmium
289 3165 484 3226 admiratione
506 3174 716 3238 enarrssett3
744 3190 815 3229 ecce
836 3171 917 3230 aliud
940 3172 1137 3232 miraculum:

137 3246 185 3319 eui
202 3254 309 3324 eaptus
336 3246 471 3304 omnibus
496 3248 633 3306 membris
649 3248 766 3309 delatus
781 3251 811 3310 in
827 3251 938 3311 ruriam
960 3268 1049 3320 esset,
1071 3262 1136 3312 enm

137 3323 272 3384 iurrctum
294 3325 390 3385 officio
411 3325 536 3407 pedibus
550 3329 610 3387 suia
631 3329 750 3389 domum
774 3334 905 3400 rediisse,
920 3333 1062 3392 traditum
1075 3354 1137 3393 rne-

139 3404 241 3465 moriae
257 3414 310 3463 eat

177 3484 337 3544 xxxva.
359 3485 438 3544 Ludi
460 3488 549 3566 quim
564 3489 739 3567 amplissimi
760 3497 794 3549 ut
809 3491 922 3560 tierent,
938 3499 1059 3552 senatus
1081 3493 1134 3552 ‹le=

139 3563 240 3624 aravit.
285 3564 332 3622 Ad
347 3586 395 3625 eos
409 3568 506 3635 ludos,
521 3578 640 3629 auctore
656 3572 740 3629 Attio
756 3570 856 3640 Tullo,
871 3572 914 3631 vis
930 3591 1035 3648 nrarrna
1051 3574 1135 3632 Vols·

139 3661 236 3705 eorum
259 3644 351 3702 venit.
391 3648 565 3725 Priusquam
588 3651 842 3711 committerentur
863 3654 935 3720 ludi,
961 3647 1080 3720 Tullum,
1102 3661 1135 3711 ut

139 3722 429 3803 d1›uic0.op0s3rom
450 3747 518 3787 cum
548 3728 663 3790 Marcio
684 3731 787 3798 fuerat,
820 3733 857 3791 ad
880 3733 1015 3791 consules
1037 3735 1134 3802 renitg

139 3801 211 3862 dicit
229 3824 305 3871 esse,
326 3823 394 3885 qur
414 3809 533 3869 secreti
553 3829 640 3890 agere
669 3811 705 3874 de
727 3813 877 3893 republica
893 3814 978 3872 uelit
1020 3813 1133 3872 aarum
