2634 4392
529 307 662 369 LIBER
674 309 717 377 ΙΙ.
990 329 991 332 ’
1087 315 1126 374 59

176 471 210 532 ll.
227 471 339 532 Rerum
352 467 462 542 deinde
475 460 644 529 divinarum
663 466 764 530 habita
778 487 870 540 cura;
903 473 943 539 et,
956 469 1027 550 quia
1040 487 1124 550 quae-

105 572 106 594 *
145 551 198 611 dan
218 551 335 632 publica
349 569 435 610 sacra
448 561 502 630 per
514 549 594 630 ipsos
614 569 699 630 reges
712 547 848 610 factitata
861 555 956 619 erant,
970 569 1009 610 ne
1022 549 1125 610 ubiubi

105 632 106 705 Ῐ
145 629 423 711 regumdesiderium
437 637 525 697 esset,
539 649 638 710 regem
660 628 859 690 sacrificulum
874 636 985 690 creant.
1026 629 1062 690 Id
1077 649 1125 690 sa·
1211 661 1212 672 κ

145 710 290 771 cerdmium
311 709 446 790 pontifici
472 711 694 790 subjecere,'ne
707 709 827 770 additus
841 707 952 770 nomini
965 709 1057 768 honos
1071 708 1124 770 ali·
1211 719 1212 784 j

143 791 203 870 quid
214 789 353 859 libertati,
367 791 460 869 cujus
472 796 546 849 tunc
560 788 654 869 prima
668 795 826 860 erotema,
841 789 994 859 officeret3
1014 809 1053 854 ac,
1071 809 1124 849 ne-
1211 789 1212 832 ἶ

141 871 203 938 scio,
212 891 257 939 an,
270 871 362 929 nimis
382 869 514 948 undique
527 889 593 929 earo
613 867 742 928 minimis
756 888 874 948 quoque
890 872 976 930 rebus
990 869 1126 930 munien·
1211 897 1212 946 f

142 950 183 1017 do,
195 951 306 1010 nodum
320 950 511 1011 excesserint.
552 948 693 1010 Consulis
708 947 787 1010 euim
801 946 933 1019 alterius,
946 968 1037 1030 quum
1051 948 1126 1008 nihil
1211 967 1212 996 r

141 1030 209 1088 aliud
228 1029 394 1099 ostenderit,
427 1049 534 1090 nornen
554 1027 683 1088 inrisum
705 1027 817 1088 civitati
839 1029 905 1088 fuit.
965 1040 982 1064 “
992 1027 1127 1088 Nimium
1211 1095 1212 1098 Ἴ

143 1109 308 1189 Tarquinios
322 1131 353 1169 re
374 1130 412 1169 no
425 1117 585 1177 assuisse3
605 1107 722 1167 initium
738 1109 755 1168 d
769 1108 872 1168 Prisco
886 1109 1021 1168 lactum·
1047 1109 1126 1189 Reg-

142 1207 214 1249 nasse
227 1190 338 1249 deinde
348 1131 488 1250 torrium
503 1187 637 1248 T'ullium
651 1209 660 1258 ;
682 1208 718 1248 ue
732 1188 890 1249 intervallo
903 1187 1024 1268 quidem
1038 1187 1127 1256 sacto,
1211 1223 1212 1230 κ

140 1269 257 1338 oblitum,
268 1277 411 1349 tanquam
419 1269 519 1338 alieni,
530 1268 613 1350 regni
625 1268 790 1348 Superbum
801 1266 1002 1348 Tarquinium
1014 1289 1023 1338 3
1043 1268 1127 1328 velut

141 1347 333 1410 hereditatem
346 1350 442 1429 gentis
464 1350 575 1409 scelere
588 1369 624 1408 ac
638 1348 669 1407 vi
687 1349 839 1428 repetisse.
880 1349 970 1408 Pulso
986 1348 1137 1428 Superbo,
1211 1359 1212 1362 ’

141 1447 217 1505 penes
232 1428 417 1488 Collatinum
436 1428 591 1508 imperium
605 1448 680 1488 esse.
721 1427 849 1488 Nescire
873 1425 1053 1506 Tarquinios
1067 1426 1127 1508 pri-

141 1517 210 1568 ratos
225 1509 328 1568 vivere
339 1528 348 1577 ;
369 1529 427 1567 non
440 1509 559 1589 placere
574 1528 680 1568 nomen
692 1529 702 1578 ;
723 1509 923 1588 periculosum
936 1508 1068 1568 libertati
1081 1525 1128 1567 es-

140 1589 190 1645 se.”
233 1588 294 1648 Hic
309 1586 401 1667 primi
415 1589 527 1658 sensim
543 1587 721 1649 tentantium
737 1589 851 1650 animos
863 1607 961 1648 sermo
971 1608 1025 1669 per
1035 1594 1128 1647 totam
1211 1625 1212 1658 3

140 1666 280 1729 civitatem
294 1676 340 1727 est
353 1669 452 1734 datus,
465 1667 683 1758 sollicitamque
704 1667 871 1748 suspicione
884 1669 1001 1748 plebem
1016 1668 1130 1727 Brutus

139 1746 170 1804 ad
182 1748 354 1809 concionem
368 1754 464 1806 vocat
506 1747 551 1806 lbi
565 1766 696 1806 omnium
711 1747 839 1827 primum
851 1746 1060 1827 jusjurandum
1075 1769 1128 1828 po·

138 1826 190 1903 poli
204 1827 328 1888 recitat:
350 1825 539 1886 “Neminem
559 1847 683 1908 regnare
718 1847 845 1897 assuros,
866 1847 922 1888 nec
937 1847 1002 1887 esse
1017 1828 1129 1896 Romae,

138 1906 207 1966 unde
221 1908 385 1988 periculum
401 1906 528 1967 libertati
542 1907 627 1967 foret.
673 1849 716 1966 [cl
727 1914 841 1968 summ&
856 1927 910 1988 ope
923 1907 1068 1968 tuendum
1082 1927 1129 1968 es·
1170 1965 1173 1972 ,

139 2002 180 2052 se3
213 2006 312 2067 neque
337 1989 430 2047 ullam
444 2009 516 2056 rem,
542 2009 611 2068 quae
640 1989 848 2068 adpertinent,
872 1987 1129 2048 cdntemnendam.

139 2062 261 2126 Invitum
277 2086 310 2126 se
323 2067 424 2126 dicere
444 2065 569 2126 hominis
590 2075 701 2136 caust3
735 2089 790 2128 nec
812 2067 962 2128 dicturum
983 2066 1131 2136 fuissent

105 2206 106 2215 ἵ
139 2146 240 2205 caritas
253 2145 425 2224 reipublicae
440 2144 584 2205 vinceret.
619 2147 709 2214 ,Non
729 2148 850 2208 credere
863 2141 1006 2227 populum
1022 2148 1129 2210 Roma-

138 2241 206 2293 num,
222 2223 350 2283 solidam
366 2222 530 2286 libertatem
544 2221 748 2305 recuperatam
763 2246 837 2286 esse.
886 2228 1011 2308 Regium
1025 2247 1129 2309 genus,

138 2304 240 2383 regium
255 2323 373 2373 nomen,
400 2323 460 2364 non
474 2305 572 2364 solum
591 2307 621 2365 io
636 2303 767 2376 civitate,
782 2305 834 2366 sed
860 2306 948 2366 etiam
962 2307 993 2367 in
1007 2308 1131 2388 imperio

138 2402 199 2443 esse.
221 2384 258 2443 Id
269 2382 396 2452 officere,
407 2383 438 2443 id
451 2388 566 2444 obstare
577 2385 715 2446 libertati.
750 2387 839 2448 Hunc
852 2387 918 2456 tu,”
932 2387 1039 2470 inquit,
1050 2399 1068 2423 “
1076 2393 1131 2449 tue

139 2463 291 2532 voluntate,
307 2465 342 2522 L.
357 2464 513 2543 Tarquini,
534 2485 652 2525 remove
674 2474 795 2528 metum.
836 2467 1041 2538 Meminimus
1054 2468 1144 2529 fate-'

139 2560 202 2611 mur,
216 2542 333 2624 ejecisti
347 2564 441 2625 reges.
482 2546 613 2605 Absolve
627 2547 804 2609 beneficium
817 2555 911 2608 tuum.
953 2549 1131 2610 Auferhinc
1211 2549 1212 2604 1

140 2621 240 2701 regium
256 2644 373 2683 nomen.
424 2625 485 2684 Res
498 2631 566 2684 tuus
579 2625 634 2685 tibi
648 2645 706 2685 nou
731 2629 827 2686 sollm
842 2627 969 2688 reddent
983 2629 1063 2689 cives
1078 2628 1132 2699 tui,
1211 2675 1212 2688 ,

141 2713 249 2762 auctore
265 2723 329 2775 me;
364 2703 553 2782 sed-siquid
568 2706 663 2776 deest,
679 2707 817 2766 munifici
832 2711 991 2787 augebunt.
1048 2709 1131 2769 Ami·
1211 2719 1212 2774 J

142 2797 183 2840 cus
195 2783 263 2853 abi3
285 2804 412 2844 exonera
427 2784 578 2844 civitatem
590 2805 667 2845 vano
681 2787 805 2846 forsitan
821 2795 911 2847 metu.
953 2789 1000 2848 Ita
1009 2809 1132 2869 persua·

142 2876 194 2918 eum
205 2870 252 2922 est
261 2862 377 2930 animis,
385 2883 453 2921 oum
462 2874 551 2942 gente
560 2865 589 2922 T
590 2865 727 2943 arquinia
739 2887 860 2948 regnum
870 2869 939 2928 hinc
951 2868 1131 2928 abiturum„
1211 2877 1212 2884 ’

143 2935 254 3001 Consuli
269 2939 365 3021 primo
377 2939 440 2999 tani
454 2961 539 3001 novae
553 2943 597 2999 rei
617 2964 652 3002 ac
668 2946 773 3006 subita
796 2946 952 3007 admiratio
966 2948 1132 3008 incluserat

142 3035 240 3080 vocem.
296 3019 406 3078 Dicere
427 3018 535 3078 deinde
556 3018 747 3100 incipientem
768 3025 910 3104 primores
932 3026 1132 3106 civitatis‘cir·
1211 3027 1212 3048 ³

143 3100 318 3170 consutum,
340 3099 443 3160 eadem
465 3099 568 3167 multis
596 3101 731 3180 precibus
758 3114 864 3174 orant3
886 3113 917 3166 et
938 3107 1041 3166 caeteri
1063 3108 1131 3188 qui·
1211 3113 1212 3118 ’

142 3175 196 3236 dem
210 3183 368 3240 movebant
383 3179 490 3239 minis.
520 3180 680 3259 Postquam
694 3183 745 3263 Sp.
757 3183 926 3254 LucretiuS,
938 3187 1031 3266 major
1041 3193 1132 3250 aetate
1203 3228 1208 3236 ·

143 3273 171 3314 ac
181 3259 333 3341 dignitate,
348 3280 432 3320 socer
452 3266 598 3340 praeterea
611 3261 713 3342 ipsius,
728 3284 815 3356 agere
837 3264 927 3336 variss,
942 3271 1073 3348 rogando
1088 3271 1132 3332 al·
1211 3303 1212 3306 ¹

143 3339 223 3399 ternis
244 3341 466 3419 suadendoque,
487 3340 587 3420 coepit,
618 3355 652 3400 ut
672 3343 752 3402 vinci
773 3365 805 3419 se
835 3365 979 3407 consensu
1003 3349 1132 3411 civitatis
1211 3413 1212 3416 ,

143 3426 303 3502 poteretur3
322 3421 431 3480 timens
446 3421 561 3488 consul,
576 3442 612 3487 ne
626 3423 813 3501 postmodum
828 3427 943 3505 privato
958 3427 1011 3486 sibi
1027 3431 1132 3490 eadem

144 3494 186 3557 ulla
208 3518 278 3557 cum
297 3502 437 3561 bonorum
458 3501 625 3570 amissione,
638 3502 803 3583 additaque
822 3505 881 3566 alia
901 3505 1027 3574 insuper
1050 3509 1131 3587 igno-

143 3575 233 3663 minia,
245 3576 425 3650 acciderent,
439 3581 588 3644 abdicavit
597 3585 798 3665 sexconsulatu
811 3605 819 3655 ;
838 3577 986 3664 rebusque
999 3583 1131 3647 suism-

144 3657 220 3717 nrbus
229 3659 387 3720 Lavinium
398 3662 551 3722 translatis
562 3662 683 3723 civitate
696 3665 795 3724 cessit.
828 3665 938 3726 Brutus
948 3687 985 3726 er
995 3677 1132 3738 senatus*

145 3739 269 3803 consulu
282 3740 321 3803 ad
341 3743 482 3822 populum
502 3742 582 3815 tulit,
595 3751 629 3806 ut
642 3763 746 3808 omnes
766 3745 941 3826 Tarquiniae
962 3747 1058 3828 gentis
1079 3769 1130 3810 en-
