2634 4392
89 157 549 184 u-v—-vwW-p-ww
602 157 635 174 -ν
663 157 672 165 ⁷
693 157 976 178 vv-ss-vw-*w
1003 157 1157 169 --’“·-Ψ·-

544 323 704 440 ΙΠΒΕη
717 349 756 410 v.
908 440 912 448 Ι
1096 351 1153 408 aaa

148 515 205 576 Gn.
216 513 347 576 Cornelii
362 511 472 581 fratris,
499 512 552 590 qui
575 502 714 583 tribunus
733 507 863 567 militum
876 505 973 587 priore
988 523 1067 565 anno
1081 505 1160 568 sues

144 604 199 662 rat,
223 597 393 675 triplexque
407 593 587 671 stipendium
601 590 750 670 equitibus
761 586 895 654 dederat,
917 586 1013 664 gratia
1029 593 1147 675 estrac-

144 673 206 733 tum
231 675 271 734 ad
297 681 414 736 tantum
437 673 577 731 honorem
604 671 753 737 credunt;
782 666 833 726 alii
862 667 1022 724 orationem
1048 684 1147 744 rpsurn

145 754 349 833 tempestivam
363 752 401 826 de
415 751 573 810 concordia
587 750 735 814 ordinum,
761 745 902 806 Patribus
930 743 1068 823 plebique
1082 764 1153 835 gra·
1228 751 1229 820 3

89 834 90 837 ’
143 840 216 898 lam,
230 831 377 891 habuisse.
418 831 485 889 Hac
500 831 625 889 victoria
642 827 831 907 comitiorum
845 823 1034 883 exsultantes
1056 827 1152 882 tribu·
1228 853 1229 914 p

144 913 176 970 ni
187 912 293 991 plebis,
306 910 387 988 quod
401 908 755 998 maximd'rempublica'm
775 901 965 982 impediebat,
989 903 1027 962 de
1042 903 1151 962 tributo
1228 925 1229 996 p

145 991 346 1060 reiniserunt3
367 989 508 1052 collatum
521 986 710 1055 obedien-ter,
736 984 917 1061 missumque
933 982 971 1042 ad
986 983 1152 1046 exercitum
1228 1027 1229 1080 p

150 1077 205 1131 cst.
834 1097 836 1102 ’
950 1107 961 1118 ·
1228 1105 1229 1144 p

171 1150 277 1210 'XlIL
298 1149 451 1210 Anxurin
464 1147 584 1207 Volscis
594 1147 680 1207 'brevi
694 1153 850 1224 receptum
863 1148 919 1212 est,
941 1142 1088 1222 neglectis
1104 1141 1154 1208 dic
1227 1185 1229 1232 l

146 1230 224 1289 festo
239 1227 383 1289 custodiis
397 1227 487 1288 urbis.
527 1227 658 1307 Insignis
677 1243 774 1284 annus
788 1223 1002 1302 hieme-gelida
1018 1241 1055 1281 ac
1070 1220 1156 1280 nivo·
1228 1237 1229 1302 j

147 1316 181 1368 sa
202 1309 270 1376 fuit,
291 1309 366 1367 adeo
385 1315 420 1366 ut
439 1307 498 1367 viae
513 1306 635 1375 clausae,
656 1305 778 1365 Tiberis
802 1300 1013 1382 innavigabilis
1041 1300 1154 1373 luerit3
1228 1305 1229 1368 Τ

146 1406 268 1448 annona
280 1407 319 1445 ex
330 1392 546 1446 anteconvecta
566 1386 652 1465 copia
674 1384 747 1446 nibil
773 1381 911 1442 mutavit.
964 1381 1005 1438 at
1028 1381 1100 1458 quia
1121 1383 1157 1440 P.
1228 1377 1229 1468 l

146 1465 298 1532 Licinius,
326 1473 360 1524 ut
372 1469 493 1544 ceperat
504 1465 586 1523 haud
601 1465 789 1525 -tumultuose
805 1465 1023 1542 magistratum,
1044 1463 1157 1540 majore
1228 1481 1229 1514 l

147 1545 260 1626 gaudio
273 1544 377 1622 plebis,
398 1544 488 1622 quim
500 1542 706 1623 indignatione
728 1543 862 1608 Petrum,
884 1540 926 1600 ita
940 1539 1032 1604 ctiam
1042 1540 1155 1619 gessit5
1228 1559 1229 1584 ³

148 1624 281 1684 dulcedo
295 1624 405 1684 invasit
417 1622 559 1702 proximis
573 1622 702 1681 comitiis
726 1621 913 1682 tribunorum
936 1619 1066 1679 militum
1087 1620 1154 1700 ple·
1228 1651 1229 1704 3

147 1705 232 1763 bcios
259 1702 391 1762 creandi.
434 1703 520 1760 Unus
544 1703 593 1760 M.
611 1700 805 1760 Veturius'en
829 1699 963 1778 patriciis
986 1699 1154 1761 candidatis
1228 1709 1229 1778 ζ

149 1785 253 1840 locum
267 1781 383 1852 tenuit:
403 1781 534 1860 plebeios
550 1781 623 1840 alios
634 1779 768 1846 tribunus
786 1778 916 1838 militum
930 1778 1081 1838 consulari
1102 1801 1157 1858 po·

149 1867 265 1920 testate
279 1880 381 1920 omnes
395 1861 457 1919 fere
469 1859 613 1920 centuriae
626 1859 738 1928 dixere,
753 1859 800 1917 M.
814 1857 1021 1936 Pomponium,
1043 1859 1079 1918 C,
1092 1861 1158 1919 Du-
1228 1855 1229 1906 Ϊ

146 1940 243 2011 ilium,
266 1939 444 2000 Voleronem
465 1939 636 2008 Publilium,
665 1940 722 1998 Cn.
744 1937 926 2004 Genucium,
949 1938 985 1996 L.
1014 1939 1153 1999 Atilium.

148 2020 285 2078 Tristem
298 2019 432 2089 hiemem,
453 2019 517 2078 sive
530 2039 569 2078 ex
589 2019 766 2099 intemperie
782 2017 865 2084 coeli,¹
882 2018 993 2097 raptim
1016 2019 1158 2079 mutatio·
1228 2019 1229 2082 ἦ

148 2119 190 2156 ne
201 2099 235 2156 in
248 2098 427 2158 contrarium
441 2098 532 2165 facta,
553 2099 616 2158 sive
630 2098 689 2157 alia
702 2119 764 2177 qua
777 2099 815 2156 de
831 2115 933 2165 causa,
954 2098 1052 2175 gravis
1063 2099 1157 2178 pesti·
1228 2099 1229 2162 i

149 2178 278 2255 lensque
292 2175 427 2236 omnibus
440 2177 617 2237 animalibus
636 2183 726 2240 aestas
741 2177 881 2256 excepit;
903 2178 990 2256 cujus
1004 2176 1156 2241 insanabi·
1228 2183 1229 2240 ἒ

148 2257 172 2314 li
195 2255 327 2336 pernicie
347 2255 466 2334 quando
485 2276 541 2314 nec
563 2277 653 2316 causa
673 2275 729 2316 nec
750 2257 820 2316 finis
841 2256 1063 2326 inveniebatur,
1089 2257 1157 2318 libri
1228 2291 1229 2324 i

149 2334 291 2416 Sibyllini
312 2355 350 2394 ex
371 2337 630 2396 senatusconsulto
657 2335 730 2396 aditi
755 2341 846 2396 sunt..
882 2335 1043 2394 Duumviri
1064 2337 1156 2397 sacris
1228 2347 1229 2356 ’

148 2415 310 2481 faciundis,
332 2413 514 2476 lectisternio
535 2422 608 2475 tunc
622 2416 751 2497 primum
765 2416 796 2476 in
810 2417 883 2474 urbe
909 2413 1045 2475 Romana
1066 2415 1155 2486 factu,
1228 2421 1229 2482 l

147 2515 203 2572 per
216 2494 282 2552 dies
306 2500 373 2552 octo
387 2495 568 2573 Apollinem,
590 2497 798 2576 [latonamquc
820 2503 851 2554 e't
873 2495 1012 2564 Dianam,
1034 2495 1155 2558 Hercu·
1228 2485 1229 2548 3

148 2573 220 2642 lem,
236 2574 419 2631 Mercurium
439 2581 530 2653 atque
543 2576 720 2654 Neptunum
740 2577 844 2643 tribus,
865 2575 955 2653 quam
971 2572 1154 2654 amplissime
1228 2613 1229 2624 2

146 2661 216 2712 tum
236 2652 373 2732 apparari
393 2660 518 2733 poterat,
547 2653 648 2714 stratis
669 2654 756 2713 lectis
777 2656 946 2734 placavere.
1008 2657 1156 2718 Privatim
1228 2655 1229 2732 ff

149 2751 274 2810 quoque
293 2731 457 2792 idsacrum
471 2734 653 2794 celebratum
677 2740 744 2806 est3
765 2737 915 2798 totaurbe
930 2725 1099 2815 patentibus
1108 2740 1159 2818 ja·
1228 2737 1229 2802 i

146 2813 227 2880 nuis,
247 2812 474 2892 promiscuoque
486 2833 543 2873 usu
564 2833 666 2874 rerum
681 2814 858 2886 omniumin
871 2818 1028 2906 propatulo
1048 2816 1155 2896 posito,
1228 2803 1229 2864 l

148 2901 237 2951 notos
257 2891 432 2971 ignotosque
452 2893 563 2972 passim
595 2894 728 2956 advenas
749 2895 779 2954 in
802 2894 961 2974 hospitium
984 2896 1089 2955 ductos
1111 2897 1156 2956 se·
1228 2931 1229 2948 ι

148 2977 240 3038 ronta
261 2976 293 3029 et
314 2989 383 3029 cum
400 2971 530 3031 inimicis
551 2991 671 3050 quoque
691 2974 821 3054 benigne
842 2993 877 3032 ac
899 2974 1023 3033 corriiter
1045 2995 1158 3036 sermo·
1228 2973 1229 3048 l

148 3069 204 3110 nes
218 3049 342 3118 nubilos,
358 3051 466 3142 jurgiis
480 3071 514 3110 ac
541 3052 644 3111 litibus
665 3058 885 3134 temperatum,
909 3052 1017 3122 vinctis
1039 3073 1161 3134 quoque·
1228 3079 1229 3140 l

149 3129 273 3208 dempta
286 3129 318 3187 in
332 3150 382 3190 eos
394 3131 459 3189 dies
470 3131 611 3202 vincula;
631 3131 767 3212 religioni
793 3132 904 3192 deinde
926 3131 1030 3199 fuisse,
1051 3135 1158 3210 quibus
1228 3177 1229 3182 κ

151 3226 218 3265 eam
239 3211 395 3286 opem-Dii
417 3210 566 3280 tulissent,
586 3211 704 3277 vinciri.
746 3211 872 3272 Interim
895 3209 933 3268 ad
960 3211 1049 3290 Vejos
1064 3219 1160 3274 terror
1228 3213 1229 3292 l

149 3286 309 3365 multiplex
327 3287 386 3348 fnit
393 3311 403 3360 3
424 3291 519 3351 tribus
532 3294 564 3351 in
585 3311 679 3350 unum
694 3292 781 3354 bellis
804 3288 922 3350 collatis
933 3309 943 3359 ;
965 3309 1094 3371 namque
1109 3315 1160 3354 eo·
1228 3325 1229 3330 1

151 3365 232 3434 dem,
254 3385 313 3444 quo
326 3376 425 3438 antea,
447 3371 534 3430 modo
548 3371 633 3430 circn‘
643 3373 840 3438 munimenta,
861 3388 954 3448 quum
966 3378 1090 3451 repente
1101 3375 1162 3435 Ca·
1228 3383 1229 3438 ]

150 3451 275 3522 penates
290 3447 463 3527 Faliscique
475 3451 607 3509 subsidio
622 3450 787 3518 venissent,
810 3450 956 3510 adversus
972 3454 1034 3510 tres
1048 3456 1163 3514 exerci—
1228 3485 1229 3512 ;

151 3531 201 3582 tus
222 3522 347 3603 ancipiti
368 3529 478 3608 proelio
505 3537 670 3610 pugnatum
692 3535 747 3588 est.
810 3533 895 3588 Ante
924 3531 1025 3590 omnia
1046 3531 1163 3612 adjuvit
1228 3555 1229 3562 ¹

150 3602 293 3662 memoria
312 3603 626 3687 mutuationisssergii
646 3627 682 3690 ac
698 3607 827 3688 Virginii
845 3630 854 3679 3
875 3608 979 3688 itaque
1001 3611 1161 3700 iunioribus
1228 3615 1229 3620 ’

154 3682 270 3750 castris,
292 3684 374 3744 unde
394 3691 484 3745 antea
506 3693 656 3747 cessatum
678 3687 785 3755 fuerat,
811 3687 1011 3766 brevispatio
1033 3707 1162 3752 circum·

154 3759 257 3820 ductae
282 3763 377 3841 copiae
400 3764 581 3847 Capenates,
604 3766 636 3826 in
669 3768 782 3827 vallum
804 3769 972 3826 Romanum
993 3786 1104 3835 versos,
1125 3773 1162 3830 ab
1228 3785 1229 3790 ’

161 3842 242 3918 tergo
262 3842 487 3921 aggrediuntur.
527 3845 605 3903 Inde
625 3865 726 3923 pugna
748 3852 848 3921 coeptu
863 3850 894 3900 et
916 3841 1041 3902 Faliscis
1062 3845 1165 3910 intulit
1228 3885 1229 3890 κ

162 3922 326 3993 terrerem,
340 3922 718 4060 trepidantesque›cpJuptio
739 3941 775 3982 cx
792 3920 899 3980 castris
913 3925 1075 4000 opportune
1088 3929 1168 3990 lacta
